%YAML 1.1
%TAG !u! tag:unity3d.com,2011:
--- !u!1 &318814042403500894
GameObject:
  m_ObjectHideFlags: 0
  m_CorrespondingSourceObject: {fileID: 0}
  m_PrefabInstance: {fileID: 0}
  m_PrefabAsset: {fileID: 0}
  serializedVersion: 6
  m_Component:
  - component: {fileID: 8402488088261710523}
  - component: {fileID: 250733232329366713}
  m_Layer: 0
  m_Name: Spot Light
  m_TagString: Untagged
  m_Icon: {fileID: 0}
  m_NavMeshLayer: 0
  m_StaticEditorFlags: 0
  m_IsActive: 1
--- !u!4 &8402488088261710523
Transform:
  m_ObjectHideFlags: 0
  m_CorrespondingSourceObject: {fileID: 0}
  m_PrefabInstance: {fileID: 0}
  m_PrefabAsset: {fileID: 0}
  m_GameObject: {fileID: 318814042403500894}
  m_LocalRotation: {x: 0.6830127, y: 0.18301275, z: 0.18301275, w: 0.6830127}
  m_LocalPosition: {x: -4, y: 5, z: 0}
  m_LocalScale: {x: 1, y: 1, z: 1}
  m_Children: []
  m_Father: {fileID: 6136968887362539310}
  m_RootOrder: 0
  m_LocalEulerAnglesHint: {x: 120, y: -90, z: -90}
--- !u!108 &250733232329366713
Light:
  m_ObjectHideFlags: 0
  m_CorrespondingSourceObject: {fileID: 0}
  m_PrefabInstance: {fileID: 0}
  m_PrefabAsset: {fileID: 0}
  m_GameObject: {fileID: 318814042403500894}
  m_Enabled: 1
  serializedVersion: 10
  m_Type: 0
  m_Shape: 0
  m_Color: {r: 0.990566, g: 0.84670585, b: 0.65881985, a: 1}
  m_Intensity: 1
  m_Range: 25
  m_SpotAngle: 30
  m_InnerSpotAngle: 21.80208
  m_CookieSize: 10
  m_Shadows:
    m_Type: 0
    m_Resolution: -1
    m_CustomResolution: -1
    m_Strength: 1
    m_Bias: 0.05
    m_NormalBias: 0.4
    m_NearPlane: 0.2
    m_CullingMatrixOverride:
      e00: 1
      e01: 0
      e02: 0
      e03: 0
      e10: 0
      e11: 1
      e12: 0
      e13: 0
      e20: 0
      e21: 0
      e22: 1
      e23: 0
      e30: 0
      e31: 0
      e32: 0
      e33: 1
    m_UseCullingMatrixOverride: 0
  m_Cookie: {fileID: 0}
  m_DrawHalo: 0
  m_Flare: {fileID: 0}
  m_RenderMode: 0
  m_CullingMask:
    serializedVersion: 2
    m_Bits: 4294967295
  m_RenderingLayerMask: 1
  m_Lightmapping: 4
  m_LightShadowCasterMode: 0
  m_AreaSize: {x: 1, y: 1}
  m_BounceIntensity: 1
  m_ColorTemperature: 6570
  m_UseColorTemperature: 0
  m_BoundingSphereOverride: {x: 0, y: 0, z: 0, w: 0}
  m_UseBoundingSphereOverride: 0
  m_UseViewFrustumForShadowCasterCull: 1
  m_ShadowRadius: 0
  m_ShadowAngle: 0
--- !u!1 &561984464392312504
GameObject:
  m_ObjectHideFlags: 0
  m_CorrespondingSourceObject: {fileID: 0}
  m_PrefabInstance: {fileID: 0}
  m_PrefabAsset: {fileID: 0}
  serializedVersion: 6
  m_Component:
  - component: {fileID: 561984464392312511}
  - component: {fileID: 561984464392312508}
  - component: {fileID: 561984464392312509}
  - component: {fileID: 561984464392312510}
  m_Layer: 0
  m_Name: Hitbox
  m_TagString: Player
  m_Icon: {fileID: 0}
  m_NavMeshLayer: 0
  m_StaticEditorFlags: 0
  m_IsActive: 1
--- !u!4 &561984464392312511
Transform:
  m_ObjectHideFlags: 0
  m_CorrespondingSourceObject: {fileID: 0}
  m_PrefabInstance: {fileID: 0}
  m_PrefabAsset: {fileID: 0}
  m_GameObject: {fileID: 561984464392312504}
  m_LocalRotation: {x: 0, y: 0, z: 0, w: 1}
  m_LocalPosition: {x: 0, y: 0, z: 1.5}
  m_LocalScale: {x: 2, y: 2, z: 2}
  m_Children: []
  m_Father: {fileID: 561984465617836988}
  m_RootOrder: 2
  m_LocalEulerAnglesHint: {x: 0, y: 0, z: 0}
--- !u!33 &561984464392312508
MeshFilter:
  m_ObjectHideFlags: 0
  m_CorrespondingSourceObject: {fileID: 0}
  m_PrefabInstance: {fileID: 0}
  m_PrefabAsset: {fileID: 0}
  m_GameObject: {fileID: 561984464392312504}
  m_Mesh: {fileID: 10202, guid: 0000000000000000e000000000000000, type: 0}
--- !u!23 &561984464392312509
MeshRenderer:
  m_ObjectHideFlags: 0
  m_CorrespondingSourceObject: {fileID: 0}
  m_PrefabInstance: {fileID: 0}
  m_PrefabAsset: {fileID: 0}
  m_GameObject: {fileID: 561984464392312504}
  m_Enabled: 0
  m_CastShadows: 1
  m_ReceiveShadows: 1
  m_DynamicOccludee: 1
  m_StaticShadowCaster: 0
  m_MotionVectors: 1
  m_LightProbeUsage: 1
  m_ReflectionProbeUsage: 1
  m_RayTracingMode: 2
  m_RayTraceProcedural: 0
  m_RenderingLayerMask: 1
  m_RendererPriority: 0
  m_Materials:
  - {fileID: 10303, guid: 0000000000000000f000000000000000, type: 0}
  m_StaticBatchInfo:
    firstSubMesh: 0
    subMeshCount: 0
  m_StaticBatchRoot: {fileID: 0}
  m_ProbeAnchor: {fileID: 0}
  m_LightProbeVolumeOverride: {fileID: 0}
  m_ScaleInLightmap: 1
  m_ReceiveGI: 1
  m_PreserveUVs: 0
  m_IgnoreNormalsForChartDetection: 0
  m_ImportantGI: 0
  m_StitchLightmapSeams: 1
  m_SelectedEditorRenderState: 3
  m_MinimumChartSize: 4
  m_AutoUVMaxDistance: 0.5
  m_AutoUVMaxAngle: 89
  m_LightmapParameters: {fileID: 0}
  m_SortingLayerID: 0
  m_SortingLayer: 0
  m_SortingOrder: 0
  m_AdditionalVertexStreams: {fileID: 0}
--- !u!65 &561984464392312510
BoxCollider:
  m_ObjectHideFlags: 0
  m_CorrespondingSourceObject: {fileID: 0}
  m_PrefabInstance: {fileID: 0}
  m_PrefabAsset: {fileID: 0}
  m_GameObject: {fileID: 561984464392312504}
  m_Material: {fileID: 0}
  m_IsTrigger: 1
  m_Enabled: 1
  serializedVersion: 2
  m_Size: {x: 1, y: 1, z: 1}
  m_Center: {x: 0, y: 0, z: 0}
--- !u!1 &561984464413288907
GameObject:
  m_ObjectHideFlags: 0
  m_CorrespondingSourceObject: {fileID: 0}
  m_PrefabInstance: {fileID: 0}
  m_PrefabAsset: {fileID: 0}
  serializedVersion: 6
  m_Component:
  - component: {fileID: 561984464413288906}
  m_Layer: 0
  m_Name: Leo
  m_TagString: Player
  m_Icon: {fileID: 0}
  m_NavMeshLayer: 0
  m_StaticEditorFlags: 0
  m_IsActive: 1
--- !u!4 &561984464413288906
Transform:
  m_ObjectHideFlags: 0
  m_CorrespondingSourceObject: {fileID: 0}
  m_PrefabInstance: {fileID: 0}
  m_PrefabAsset: {fileID: 0}
  m_GameObject: {fileID: 561984464413288907}
  m_LocalRotation: {x: -0, y: -0, z: -0, w: 1}
  m_LocalPosition: {x: 0, y: 0, z: 0}
  m_LocalScale: {x: 1, y: 1, z: 1}
  m_Children:
  - {fileID: 561984465617836988}
  m_Father: {fileID: 880494360727625221}
  m_RootOrder: 0
  m_LocalEulerAnglesHint: {x: 0, y: 0, z: 0}
--- !u!1 &561984464884341087
GameObject:
  m_ObjectHideFlags: 0
  m_CorrespondingSourceObject: {fileID: 0}
  m_PrefabInstance: {fileID: 0}
  m_PrefabAsset: {fileID: 0}
  serializedVersion: 6
  m_Component:
  - component: {fileID: 561984464884341086}
  - component: {fileID: 561984464884341075}
  - component: {fileID: 561984464884341084}
  - component: {fileID: 561984464884341085}
  m_Layer: 0
  m_Name: Model
  m_TagString: Untagged
  m_Icon: {fileID: 0}
  m_NavMeshLayer: 0
  m_StaticEditorFlags: 0
  m_IsActive: 0
--- !u!4 &561984464884341086
Transform:
  m_ObjectHideFlags: 0
  m_CorrespondingSourceObject: {fileID: 0}
  m_PrefabInstance: {fileID: 0}
  m_PrefabAsset: {fileID: 0}
  m_GameObject: {fileID: 561984464884341087}
  m_LocalRotation: {x: -0, y: -0, z: -0, w: 1}
  m_LocalPosition: {x: 0, y: 0, z: 0}
  m_LocalScale: {x: 1, y: 1, z: 1}
  m_Children:
  - {fileID: 561984465351379112}
  m_Father: {fileID: 561984465617836988}
  m_RootOrder: 0
  m_LocalEulerAnglesHint: {x: 0, y: 0, z: 0}
--- !u!33 &561984464884341075
MeshFilter:
  m_ObjectHideFlags: 0
  m_CorrespondingSourceObject: {fileID: 0}
  m_PrefabInstance: {fileID: 0}
  m_PrefabAsset: {fileID: 0}
  m_GameObject: {fileID: 561984464884341087}
  m_Mesh: {fileID: 10208, guid: 0000000000000000e000000000000000, type: 0}
--- !u!23 &561984464884341084
MeshRenderer:
  m_ObjectHideFlags: 0
  m_CorrespondingSourceObject: {fileID: 0}
  m_PrefabInstance: {fileID: 0}
  m_PrefabAsset: {fileID: 0}
  m_GameObject: {fileID: 561984464884341087}
  m_Enabled: 1
  m_CastShadows: 1
  m_ReceiveShadows: 1
  m_DynamicOccludee: 1
  m_StaticShadowCaster: 0
  m_MotionVectors: 1
  m_LightProbeUsage: 1
  m_ReflectionProbeUsage: 1
  m_RayTracingMode: 2
  m_RayTraceProcedural: 0
  m_RenderingLayerMask: 1
  m_RendererPriority: 0
  m_Materials:
  - {fileID: 10303, guid: 0000000000000000f000000000000000, type: 0}
  m_StaticBatchInfo:
    firstSubMesh: 0
    subMeshCount: 0
  m_StaticBatchRoot: {fileID: 0}
  m_ProbeAnchor: {fileID: 0}
  m_LightProbeVolumeOverride: {fileID: 0}
  m_ScaleInLightmap: 1
  m_ReceiveGI: 1
  m_PreserveUVs: 0
  m_IgnoreNormalsForChartDetection: 0
  m_ImportantGI: 0
  m_StitchLightmapSeams: 1
  m_SelectedEditorRenderState: 3
  m_MinimumChartSize: 4
  m_AutoUVMaxDistance: 0.5
  m_AutoUVMaxAngle: 89
  m_LightmapParameters: {fileID: 0}
  m_SortingLayerID: 0
  m_SortingLayer: 0
  m_SortingOrder: 0
  m_AdditionalVertexStreams: {fileID: 0}
--- !u!136 &561984464884341085
CapsuleCollider:
  m_ObjectHideFlags: 0
  m_CorrespondingSourceObject: {fileID: 0}
  m_PrefabInstance: {fileID: 0}
  m_PrefabAsset: {fileID: 0}
  m_GameObject: {fileID: 561984464884341087}
  m_Material: {fileID: 0}
  m_IsTrigger: 0
  m_Enabled: 0
  m_Radius: 0.5
  m_Height: 2
  m_Direction: 1
  m_Center: {x: 0, y: 0, z: 0}
--- !u!1 &561984465010389217
GameObject:
  m_ObjectHideFlags: 0
  m_CorrespondingSourceObject: {fileID: 0}
  m_PrefabInstance: {fileID: 0}
  m_PrefabAsset: {fileID: 0}
  serializedVersion: 6
  m_Component:
  - component: {fileID: 561984465010389216}
  m_Layer: 0
  m_Name: GoatHandle
  m_TagString: Untagged
  m_Icon: {fileID: 0}
  m_NavMeshLayer: 0
  m_StaticEditorFlags: 0
  m_IsActive: 1
--- !u!4 &561984465010389216
Transform:
  m_ObjectHideFlags: 0
  m_CorrespondingSourceObject: {fileID: 0}
  m_PrefabInstance: {fileID: 0}
  m_PrefabAsset: {fileID: 0}
  m_GameObject: {fileID: 561984465010389217}
  m_LocalRotation: {x: -0.47605813, y: -0.53976446, z: 0.49920067, w: 0.48251593}
  m_LocalPosition: {x: -0.0014966482, y: 0.0090390565, z: 0.0070559178}
  m_LocalScale: {x: 1, y: 1, z: 1}
  m_Children:
  - {fileID: 19747890078294368}
  m_Father: {fileID: 1622574550588035415}
  m_RootOrder: 4
  m_LocalEulerAnglesHint: {x: 90, y: 0, z: 0}
--- !u!1 &561984465351379113
GameObject:
  m_ObjectHideFlags: 0
  m_CorrespondingSourceObject: {fileID: 0}
  m_PrefabInstance: {fileID: 0}
  m_PrefabAsset: {fileID: 0}
  serializedVersion: 6
  m_Component:
  - component: {fileID: 561984465351379112}
  - component: {fileID: 561984465351379117}
  - component: {fileID: 561984465351379118}
  - component: {fileID: 561984465351379119}
  m_Layer: 0
  m_Name: Sphere
  m_TagString: Untagged
  m_Icon: {fileID: 0}
  m_NavMeshLayer: 0
  m_StaticEditorFlags: 0
  m_IsActive: 1
--- !u!4 &561984465351379112
Transform:
  m_ObjectHideFlags: 0
  m_CorrespondingSourceObject: {fileID: 0}
  m_PrefabInstance: {fileID: 0}
  m_PrefabAsset: {fileID: 0}
  m_GameObject: {fileID: 561984465351379113}
  m_LocalRotation: {x: 0, y: 0, z: 0, w: 1}
  m_LocalPosition: {x: 0, y: 0, z: 1}
  m_LocalScale: {x: 0.5, y: 0.5, z: 0.5}
  m_Children: []
  m_Father: {fileID: 561984464884341086}
  m_RootOrder: 0
  m_LocalEulerAnglesHint: {x: 0, y: 0, z: 0}
--- !u!33 &561984465351379117
MeshFilter:
  m_ObjectHideFlags: 0
  m_CorrespondingSourceObject: {fileID: 0}
  m_PrefabInstance: {fileID: 0}
  m_PrefabAsset: {fileID: 0}
  m_GameObject: {fileID: 561984465351379113}
  m_Mesh: {fileID: 10207, guid: 0000000000000000e000000000000000, type: 0}
--- !u!23 &561984465351379118
MeshRenderer:
  m_ObjectHideFlags: 0
  m_CorrespondingSourceObject: {fileID: 0}
  m_PrefabInstance: {fileID: 0}
  m_PrefabAsset: {fileID: 0}
  m_GameObject: {fileID: 561984465351379113}
  m_Enabled: 1
  m_CastShadows: 1
  m_ReceiveShadows: 1
  m_DynamicOccludee: 1
  m_StaticShadowCaster: 0
  m_MotionVectors: 1
  m_LightProbeUsage: 1
  m_ReflectionProbeUsage: 1
  m_RayTracingMode: 2
  m_RayTraceProcedural: 0
  m_RenderingLayerMask: 1
  m_RendererPriority: 0
  m_Materials:
  - {fileID: 10303, guid: 0000000000000000f000000000000000, type: 0}
  m_StaticBatchInfo:
    firstSubMesh: 0
    subMeshCount: 0
  m_StaticBatchRoot: {fileID: 0}
  m_ProbeAnchor: {fileID: 0}
  m_LightProbeVolumeOverride: {fileID: 0}
  m_ScaleInLightmap: 1
  m_ReceiveGI: 1
  m_PreserveUVs: 0
  m_IgnoreNormalsForChartDetection: 0
  m_ImportantGI: 0
  m_StitchLightmapSeams: 1
  m_SelectedEditorRenderState: 3
  m_MinimumChartSize: 4
  m_AutoUVMaxDistance: 0.5
  m_AutoUVMaxAngle: 89
  m_LightmapParameters: {fileID: 0}
  m_SortingLayerID: 0
  m_SortingLayer: 0
  m_SortingOrder: 0
  m_AdditionalVertexStreams: {fileID: 0}
--- !u!135 &561984465351379119
SphereCollider:
  m_ObjectHideFlags: 0
  m_CorrespondingSourceObject: {fileID: 0}
  m_PrefabInstance: {fileID: 0}
  m_PrefabAsset: {fileID: 0}
  m_GameObject: {fileID: 561984465351379113}
  m_Material: {fileID: 0}
  m_IsTrigger: 0
  m_Enabled: 1
  serializedVersion: 2
  m_Radius: 0.5
  m_Center: {x: 0, y: 0, z: 0}
--- !u!1 &561984465387612225
GameObject:
  m_ObjectHideFlags: 0
  m_CorrespondingSourceObject: {fileID: 0}
  m_PrefabInstance: {fileID: 0}
  m_PrefabAsset: {fileID: 0}
  serializedVersion: 6
  m_Component:
  - component: {fileID: 561984465387612230}
  m_Layer: 0
  m_Name: Player_Leo
  m_TagString: Untagged
  m_Icon: {fileID: 0}
  m_NavMeshLayer: 0
  m_StaticEditorFlags: 0
  m_IsActive: 1
--- !u!4 &561984465387612230
Transform:
  m_ObjectHideFlags: 0
  m_CorrespondingSourceObject: {fileID: 0}
  m_PrefabInstance: {fileID: 0}
  m_PrefabAsset: {fileID: 0}
  m_GameObject: {fileID: 561984465387612225}
  m_LocalRotation: {x: 0, y: 0, z: 0, w: 1}
  m_LocalPosition: {x: 0, y: 2, z: 0}
  m_LocalScale: {x: 1, y: 1, z: 1}
  m_Children:
  - {fileID: 880494360727625221}
  - {fileID: 3366324079168330294}
  m_Father: {fileID: 0}
  m_RootOrder: 0
  m_LocalEulerAnglesHint: {x: 0, y: 0, z: 0}
--- !u!1 &561984465617836989
GameObject:
  m_ObjectHideFlags: 0
  m_CorrespondingSourceObject: {fileID: 0}
  m_PrefabInstance: {fileID: 0}
  m_PrefabAsset: {fileID: 0}
  serializedVersion: 6
  m_Component:
  - component: {fileID: 561984465617836988}
  m_Layer: 0
  m_Name: Offset
  m_TagString: Player
  m_Icon: {fileID: 0}
  m_NavMeshLayer: 0
  m_StaticEditorFlags: 0
  m_IsActive: 1
--- !u!4 &561984465617836988
Transform:
  m_ObjectHideFlags: 0
  m_CorrespondingSourceObject: {fileID: 0}
  m_PrefabInstance: {fileID: 0}
  m_PrefabAsset: {fileID: 0}
  m_GameObject: {fileID: 561984465617836989}
  m_LocalRotation: {x: 0, y: 0.7071068, z: 0, w: 0.7071068}
  m_LocalPosition: {x: 0, y: 0, z: 0}
  m_LocalScale: {x: 1, y: 1, z: 1}
  m_Children:
  - {fileID: 561984464884341086}
  - {fileID: 49854347101427252}
  - {fileID: 561984464392312511}
  m_Father: {fileID: 561984464413288906}
  m_RootOrder: 0
  m_LocalEulerAnglesHint: {x: 0, y: 90, z: 0}
--- !u!1 &561984466013954093
GameObject:
  m_ObjectHideFlags: 0
  m_CorrespondingSourceObject: {fileID: 0}
  m_PrefabInstance: {fileID: 0}
  m_PrefabAsset: {fileID: 0}
  serializedVersion: 6
  m_Component:
  - component: {fileID: 561984466013954082}
  - component: {fileID: 561984466013954083}
  - component: {fileID: 8205564914982940192}
  - component: {fileID: 6424589574957631532}
  m_Layer: 0
  m_Name: Main Camera
  m_TagString: MainCamera
  m_Icon: {fileID: 0}
  m_NavMeshLayer: 0
  m_StaticEditorFlags: 0
  m_IsActive: 1
--- !u!4 &561984466013954082
Transform:
  m_ObjectHideFlags: 0
  m_CorrespondingSourceObject: {fileID: 0}
  m_PrefabInstance: {fileID: 0}
  m_PrefabAsset: {fileID: 0}
  m_GameObject: {fileID: 561984466013954093}
  m_LocalRotation: {x: -0, y: -0, z: -0, w: 1}
  m_LocalPosition: {x: 0, y: 1.5, z: -10}
  m_LocalScale: {x: 1, y: 1, z: 1}
  m_Children: []
  m_Father: {fileID: 3366324079168330294}
  m_RootOrder: 0
  m_LocalEulerAnglesHint: {x: 0, y: 0, z: 0}
--- !u!20 &561984466013954083
Camera:
  m_ObjectHideFlags: 0
  m_CorrespondingSourceObject: {fileID: 0}
  m_PrefabInstance: {fileID: 0}
  m_PrefabAsset: {fileID: 0}
  m_GameObject: {fileID: 561984466013954093}
  m_Enabled: 1
  serializedVersion: 2
  m_ClearFlags: 1
  m_BackGroundColor: {r: 0.19215687, g: 0.3019608, b: 0.4745098, a: 0}
  m_projectionMatrixMode: 1
  m_GateFitMode: 2
  m_FOVAxisMode: 0
  m_SensorSize: {x: 36, y: 24}
  m_LensShift: {x: 0, y: 0}
  m_FocalLength: 50
  m_NormalizedViewPortRect:
    serializedVersion: 2
    x: 0
    y: 0
    width: 1
    height: 1
  near clip plane: 0.3
  far clip plane: 1000
  field of view: 60
  orthographic: 0
  orthographic size: 5
  m_Depth: -1
  m_CullingMask:
    serializedVersion: 2
    m_Bits: 4294967295
  m_RenderingPath: -1
  m_TargetTexture: {fileID: 0}
  m_TargetDisplay: 0
  m_TargetEye: 3
  m_HDR: 1
  m_AllowMSAA: 1
  m_AllowDynamicResolution: 0
  m_ForceIntoRT: 0
  m_OcclusionCulling: 1
  m_StereoConvergence: 10
  m_StereoSeparation: 0.022
--- !u!114 &8205564914982940192
MonoBehaviour:
  m_ObjectHideFlags: 0
  m_CorrespondingSourceObject: {fileID: 0}
  m_PrefabInstance: {fileID: 0}
  m_PrefabAsset: {fileID: 0}
  m_GameObject: {fileID: 561984466013954093}
  m_Enabled: 1
  m_EditorHideFlags: 0
  m_Script: {fileID: 11500000, guid: 934cd8bba875dde4a944b4f62844b392, type: 3}
  m_Name: 
  m_EditorClassIdentifier: 
  target: {fileID: 880494360727625221}
--- !u!114 &6424589574957631532
MonoBehaviour:
  m_ObjectHideFlags: 0
  m_CorrespondingSourceObject: {fileID: 0}
  m_PrefabInstance: {fileID: 0}
  m_PrefabAsset: {fileID: 0}
  m_GameObject: {fileID: 561984466013954093}
  m_Enabled: 1
  m_EditorHideFlags: 0
  m_Script: {fileID: 11500000, guid: 86c6556701af9e04380698b89f691b6e, type: 3}
  m_Name: 
  m_EditorClassIdentifier: 
  attenuationObject: {fileID: 561984464413288907}
  ListenerNumber: -1
--- !u!1 &3349706814496498622
GameObject:
  m_ObjectHideFlags: 0
  m_CorrespondingSourceObject: {fileID: 0}
  m_PrefabInstance: {fileID: 0}
  m_PrefabAsset: {fileID: 0}
  serializedVersion: 6
  m_Component:
  - component: {fileID: 8975426388052963965}
  - component: {fileID: 3873712858715385159}
  m_Layer: 0
  m_Name: Spot Light (4)
  m_TagString: Untagged
  m_Icon: {fileID: 0}
  m_NavMeshLayer: 0
  m_StaticEditorFlags: 0
  m_IsActive: 1
--- !u!4 &8975426388052963965
Transform:
  m_ObjectHideFlags: 0
  m_CorrespondingSourceObject: {fileID: 0}
  m_PrefabInstance: {fileID: 0}
  m_PrefabAsset: {fileID: 0}
  m_GameObject: {fileID: 3349706814496498622}
  m_LocalRotation: {x: 0.6876999, y: 0.48633537, z: -0.16452774, w: 0.51330054}
  m_LocalPosition: {x: -2.51, y: 5, z: 3.85}
  m_LocalScale: {x: 1, y: 1, z: 1}
  m_Children: []
  m_Father: {fileID: 6136968887362539310}
  m_RootOrder: 4
  m_LocalEulerAnglesHint: {x: 120, y: -33.089996, z: -90}
--- !u!108 &3873712858715385159
Light:
  m_ObjectHideFlags: 0
  m_CorrespondingSourceObject: {fileID: 0}
  m_PrefabInstance: {fileID: 0}
  m_PrefabAsset: {fileID: 0}
  m_GameObject: {fileID: 3349706814496498622}
  m_Enabled: 1
  serializedVersion: 10
  m_Type: 0
  m_Shape: 0
  m_Color: {r: 0.990566, g: 0.84670585, b: 0.65881985, a: 1}
  m_Intensity: 1
  m_Range: 25
  m_SpotAngle: 30
  m_InnerSpotAngle: 21.80208
  m_CookieSize: 10
  m_Shadows:
    m_Type: 0
    m_Resolution: -1
    m_CustomResolution: -1
    m_Strength: 1
    m_Bias: 0.05
    m_NormalBias: 0.4
    m_NearPlane: 0.2
    m_CullingMatrixOverride:
      e00: 1
      e01: 0
      e02: 0
      e03: 0
      e10: 0
      e11: 1
      e12: 0
      e13: 0
      e20: 0
      e21: 0
      e22: 1
      e23: 0
      e30: 0
      e31: 0
      e32: 0
      e33: 1
    m_UseCullingMatrixOverride: 0
  m_Cookie: {fileID: 0}
  m_DrawHalo: 0
  m_Flare: {fileID: 0}
  m_RenderMode: 0
  m_CullingMask:
    serializedVersion: 2
    m_Bits: 4294967295
  m_RenderingLayerMask: 1
  m_Lightmapping: 4
  m_LightShadowCasterMode: 0
  m_AreaSize: {x: 1, y: 1}
  m_BounceIntensity: 1
  m_ColorTemperature: 6570
  m_UseColorTemperature: 0
  m_BoundingSphereOverride: {x: 0, y: 0, z: 0, w: 0}
  m_UseBoundingSphereOverride: 0
  m_UseViewFrustumForShadowCasterCull: 1
  m_ShadowRadius: 0
  m_ShadowAngle: 0
--- !u!1 &4144761811662507440
GameObject:
  m_ObjectHideFlags: 0
  m_CorrespondingSourceObject: {fileID: 0}
  m_PrefabInstance: {fileID: 0}
  m_PrefabAsset: {fileID: 0}
  serializedVersion: 6
  m_Component:
  - component: {fileID: 7531076582792014219}
  - component: {fileID: 4446874410120294588}
  m_Layer: 0
  m_Name: Spot Light (1)
  m_TagString: Untagged
  m_Icon: {fileID: 0}
  m_NavMeshLayer: 0
  m_StaticEditorFlags: 0
  m_IsActive: 1
--- !u!4 &7531076582792014219
Transform:
  m_ObjectHideFlags: 0
  m_CorrespondingSourceObject: {fileID: 0}
  m_PrefabInstance: {fileID: 0}
  m_PrefabAsset: {fileID: 0}
  m_GameObject: {fileID: 4144761811662507440}
  m_LocalRotation: {x: 0.6830127, y: -0.1830127, z: -0.1830127, w: 0.6830127}
  m_LocalPosition: {x: 4, y: 5, z: 0}
  m_LocalScale: {x: 1, y: 1, z: 1}
  m_Children: []
  m_Father: {fileID: 6136968887362539310}
  m_RootOrder: 1
  m_LocalEulerAnglesHint: {x: 60, y: -90, z: -90}
--- !u!108 &4446874410120294588
Light:
  m_ObjectHideFlags: 0
  m_CorrespondingSourceObject: {fileID: 0}
  m_PrefabInstance: {fileID: 0}
  m_PrefabAsset: {fileID: 0}
  m_GameObject: {fileID: 4144761811662507440}
  m_Enabled: 1
  serializedVersion: 10
  m_Type: 0
  m_Shape: 0
  m_Color: {r: 0.990566, g: 0.84670585, b: 0.65881985, a: 1}
  m_Intensity: 1
  m_Range: 25
  m_SpotAngle: 30
  m_InnerSpotAngle: 21.80208
  m_CookieSize: 10
  m_Shadows:
    m_Type: 0
    m_Resolution: -1
    m_CustomResolution: -1
    m_Strength: 1
    m_Bias: 0.05
    m_NormalBias: 0.4
    m_NearPlane: 0.2
    m_CullingMatrixOverride:
      e00: 1
      e01: 0
      e02: 0
      e03: 0
      e10: 0
      e11: 1
      e12: 0
      e13: 0
      e20: 0
      e21: 0
      e22: 1
      e23: 0
      e30: 0
      e31: 0
      e32: 0
      e33: 1
    m_UseCullingMatrixOverride: 0
  m_Cookie: {fileID: 0}
  m_DrawHalo: 0
  m_Flare: {fileID: 0}
  m_RenderMode: 0
  m_CullingMask:
    serializedVersion: 2
    m_Bits: 4294967295
  m_RenderingLayerMask: 1
  m_Lightmapping: 4
  m_LightShadowCasterMode: 0
  m_AreaSize: {x: 1, y: 1}
  m_BounceIntensity: 1
  m_ColorTemperature: 6570
  m_UseColorTemperature: 0
  m_BoundingSphereOverride: {x: 0, y: 0, z: 0, w: 0}
  m_UseBoundingSphereOverride: 0
  m_UseViewFrustumForShadowCasterCull: 1
  m_ShadowRadius: 0
  m_ShadowAngle: 0
--- !u!1 &4623808692325556411
GameObject:
  m_ObjectHideFlags: 0
  m_CorrespondingSourceObject: {fileID: 0}
  m_PrefabInstance: {fileID: 0}
  m_PrefabAsset: {fileID: 0}
  serializedVersion: 6
  m_Component:
  - component: {fileID: 743804259730526475}
  - component: {fileID: 1411525430584061015}
  m_Layer: 0
  m_Name: Spot Light (3)
  m_TagString: Untagged
  m_Icon: {fileID: 0}
  m_NavMeshLayer: 0
  m_StaticEditorFlags: 0
  m_IsActive: 1
--- !u!4 &743804259730526475
Transform:
  m_ObjectHideFlags: 0
  m_CorrespondingSourceObject: {fileID: 0}
  m_PrefabInstance: {fileID: 0}
  m_PrefabAsset: {fileID: 0}
  m_GameObject: {fileID: 4623808692325556411}
  m_LocalRotation: {x: 0.2744051, y: -0.42717826, z: 0.6516918, w: 0.56348777}
  m_LocalPosition: {x: 1.36, y: 5, z: -4.18}
  m_LocalScale: {x: 1, y: 1, z: 1}
  m_Children: []
  m_Father: {fileID: 6136968887362539310}
  m_RootOrder: 3
  m_LocalEulerAnglesHint: {x: 120, y: -194.331, z: -90}
--- !u!108 &1411525430584061015
Light:
  m_ObjectHideFlags: 0
  m_CorrespondingSourceObject: {fileID: 0}
  m_PrefabInstance: {fileID: 0}
  m_PrefabAsset: {fileID: 0}
  m_GameObject: {fileID: 4623808692325556411}
  m_Enabled: 1
  serializedVersion: 10
  m_Type: 0
  m_Shape: 0
  m_Color: {r: 0.990566, g: 0.84670585, b: 0.65881985, a: 1}
  m_Intensity: 1
  m_Range: 25
  m_SpotAngle: 30
  m_InnerSpotAngle: 21.80208
  m_CookieSize: 10
  m_Shadows:
    m_Type: 0
    m_Resolution: -1
    m_CustomResolution: -1
    m_Strength: 1
    m_Bias: 0.05
    m_NormalBias: 0.4
    m_NearPlane: 0.2
    m_CullingMatrixOverride:
      e00: 1
      e01: 0
      e02: 0
      e03: 0
      e10: 0
      e11: 1
      e12: 0
      e13: 0
      e20: 0
      e21: 0
      e22: 1
      e23: 0
      e30: 0
      e31: 0
      e32: 0
      e33: 1
    m_UseCullingMatrixOverride: 0
  m_Cookie: {fileID: 0}
  m_DrawHalo: 0
  m_Flare: {fileID: 0}
  m_RenderMode: 0
  m_CullingMask:
    serializedVersion: 2
    m_Bits: 4294967295
  m_RenderingLayerMask: 1
  m_Lightmapping: 4
  m_LightShadowCasterMode: 0
  m_AreaSize: {x: 1, y: 1}
  m_BounceIntensity: 1
  m_ColorTemperature: 6570
  m_UseColorTemperature: 0
  m_BoundingSphereOverride: {x: 0, y: 0, z: 0, w: 0}
  m_UseBoundingSphereOverride: 0
  m_UseViewFrustumForShadowCasterCull: 1
  m_ShadowRadius: 0
  m_ShadowAngle: 0
--- !u!1 &5553837500752264153
GameObject:
  m_ObjectHideFlags: 0
  m_CorrespondingSourceObject: {fileID: 0}
  m_PrefabInstance: {fileID: 0}
  m_PrefabAsset: {fileID: 0}
  serializedVersion: 6
  m_Component:
  - component: {fileID: 3366324079168330294}
  - component: {fileID: 3366952686705209275}
  m_Layer: 0
  m_Name: GameObject
  m_TagString: Untagged
  m_Icon: {fileID: 0}
  m_NavMeshLayer: 0
  m_StaticEditorFlags: 0
  m_IsActive: 1
--- !u!4 &3366324079168330294
Transform:
  m_ObjectHideFlags: 0
  m_CorrespondingSourceObject: {fileID: 0}
  m_PrefabInstance: {fileID: 0}
  m_PrefabAsset: {fileID: 0}
  m_GameObject: {fileID: 5553837500752264153}
  m_LocalRotation: {x: 0, y: -0.7071068, z: 0, w: 0.7071068}
  m_LocalPosition: {x: 0, y: 0, z: 0}
  m_LocalScale: {x: 1, y: 1, z: 1}
  m_Children:
  - {fileID: 561984466013954082}
  m_Father: {fileID: 561984465387612230}
  m_RootOrder: 1
  m_LocalEulerAnglesHint: {x: 0, y: -90, z: 0}
--- !u!114 &3366952686705209275
MonoBehaviour:
  m_ObjectHideFlags: 0
  m_CorrespondingSourceObject: {fileID: 0}
  m_PrefabInstance: {fileID: 0}
  m_PrefabAsset: {fileID: 0}
  m_GameObject: {fileID: 5553837500752264153}
  m_Enabled: 1
  m_EditorHideFlags: 0
  m_Script: {fileID: 11500000, guid: 239823c9f18a2a84fa67f0510cbb573e, type: 3}
  m_Name: 
  m_EditorClassIdentifier: 
  target: {fileID: 880494360727625221}
  cBounds: {fileID: 0}
  epsilon: 0.001
  positionLerpStrength: 10
  rotationLerpStrength: 5
--- !u!1 &7336103660001281105
GameObject:
  m_ObjectHideFlags: 0
  m_CorrespondingSourceObject: {fileID: 0}
  m_PrefabInstance: {fileID: 0}
  m_PrefabAsset: {fileID: 0}
  serializedVersion: 6
  m_Component:
  - component: {fileID: 3570126375419486201}
  - component: {fileID: 8604282735156276351}
  m_Layer: 0
  m_Name: Spot Light (5)
  m_TagString: Untagged
  m_Icon: {fileID: 0}
  m_NavMeshLayer: 0
  m_StaticEditorFlags: 0
  m_IsActive: 1
--- !u!4 &3570126375419486201
Transform:
  m_ObjectHideFlags: 0
  m_CorrespondingSourceObject: {fileID: 0}
  m_PrefabInstance: {fileID: 0}
  m_PrefabAsset: {fileID: 0}
  m_GameObject: {fileID: 7336103660001281105}
  m_LocalRotation: {x: 0.48636374, y: 0.68769, z: -0.5132754, w: 0.16456358}
  m_LocalPosition: {x: 2.33, y: 5, z: 2.22}
  m_LocalScale: {x: 1, y: 1, z: 1}
  m_Children: []
  m_Father: {fileID: 6136968887362539310}
  m_RootOrder: 5
  m_LocalEulerAnglesHint: {x: 120, y: 33.085007, z: -90}
--- !u!108 &8604282735156276351
Light:
  m_ObjectHideFlags: 0
  m_CorrespondingSourceObject: {fileID: 0}
  m_PrefabInstance: {fileID: 0}
  m_PrefabAsset: {fileID: 0}
  m_GameObject: {fileID: 7336103660001281105}
  m_Enabled: 1
  serializedVersion: 10
  m_Type: 0
  m_Shape: 0
  m_Color: {r: 0.990566, g: 0.84670585, b: 0.65881985, a: 1}
  m_Intensity: 1
  m_Range: 25
  m_SpotAngle: 30
  m_InnerSpotAngle: 21.80208
  m_CookieSize: 10
  m_Shadows:
    m_Type: 0
    m_Resolution: -1
    m_CustomResolution: -1
    m_Strength: 1
    m_Bias: 0.05
    m_NormalBias: 0.4
    m_NearPlane: 0.2
    m_CullingMatrixOverride:
      e00: 1
      e01: 0
      e02: 0
      e03: 0
      e10: 0
      e11: 1
      e12: 0
      e13: 0
      e20: 0
      e21: 0
      e22: 1
      e23: 0
      e30: 0
      e31: 0
      e32: 0
      e33: 1
    m_UseCullingMatrixOverride: 0
  m_Cookie: {fileID: 0}
  m_DrawHalo: 0
  m_Flare: {fileID: 0}
  m_RenderMode: 0
  m_CullingMask:
    serializedVersion: 2
    m_Bits: 4294967295
  m_RenderingLayerMask: 1
  m_Lightmapping: 4
  m_LightShadowCasterMode: 0
  m_AreaSize: {x: 1, y: 1}
  m_BounceIntensity: 1
  m_ColorTemperature: 6570
  m_UseColorTemperature: 0
  m_BoundingSphereOverride: {x: 0, y: 0, z: 0, w: 0}
  m_UseBoundingSphereOverride: 0
  m_UseViewFrustumForShadowCasterCull: 1
  m_ShadowRadius: 0
  m_ShadowAngle: 0
--- !u!1 &7619361267049680403
GameObject:
  m_ObjectHideFlags: 0
  m_CorrespondingSourceObject: {fileID: 0}
  m_PrefabInstance: {fileID: 0}
  m_PrefabAsset: {fileID: 0}
  serializedVersion: 6
  m_Component:
  - component: {fileID: 8799587570250473447}
  - component: {fileID: 6648144608197350529}
  m_Layer: 0
  m_Name: Spot Light (2)
  m_TagString: Untagged
  m_Icon: {fileID: 0}
  m_NavMeshLayer: 0
  m_StaticEditorFlags: 0
  m_IsActive: 1
--- !u!4 &8799587570250473447
Transform:
  m_ObjectHideFlags: 0
  m_CorrespondingSourceObject: {fileID: 0}
  m_PrefabInstance: {fileID: 0}
  m_PrefabAsset: {fileID: 0}
  m_GameObject: {fileID: 7619361267049680403}
  m_LocalRotation: {x: 0.46681204, y: -0.22655527, z: 0.53111845, w: 0.6698302}
  m_LocalPosition: {x: -1.96, y: 5, z: -4.26}
  m_LocalScale: {x: 1, y: 1, z: 1}
  m_Children: []
  m_Father: {fileID: 6136968887362539310}
  m_RootOrder: 2
  m_LocalEulerAnglesHint: {x: 120, y: -157.374, z: -90}
--- !u!108 &6648144608197350529
Light:
  m_ObjectHideFlags: 0
  m_CorrespondingSourceObject: {fileID: 0}
  m_PrefabInstance: {fileID: 0}
  m_PrefabAsset: {fileID: 0}
  m_GameObject: {fileID: 7619361267049680403}
  m_Enabled: 1
  serializedVersion: 10
  m_Type: 0
  m_Shape: 0
  m_Color: {r: 0.990566, g: 0.84670585, b: 0.65881985, a: 1}
  m_Intensity: 1
  m_Range: 25
  m_SpotAngle: 30
  m_InnerSpotAngle: 21.80208
  m_CookieSize: 10
  m_Shadows:
    m_Type: 0
    m_Resolution: -1
    m_CustomResolution: -1
    m_Strength: 1
    m_Bias: 0.05
    m_NormalBias: 0.4
    m_NearPlane: 0.2
    m_CullingMatrixOverride:
      e00: 1
      e01: 0
      e02: 0
      e03: 0
      e10: 0
      e11: 1
      e12: 0
      e13: 0
      e20: 0
      e21: 0
      e22: 1
      e23: 0
      e30: 0
      e31: 0
      e32: 0
      e33: 1
    m_UseCullingMatrixOverride: 0
  m_Cookie: {fileID: 0}
  m_DrawHalo: 0
  m_Flare: {fileID: 0}
  m_RenderMode: 0
  m_CullingMask:
    serializedVersion: 2
    m_Bits: 4294967295
  m_RenderingLayerMask: 1
  m_Lightmapping: 4
  m_LightShadowCasterMode: 0
  m_AreaSize: {x: 1, y: 1}
  m_BounceIntensity: 1
  m_ColorTemperature: 6570
  m_UseColorTemperature: 0
  m_BoundingSphereOverride: {x: 0, y: 0, z: 0, w: 0}
  m_UseBoundingSphereOverride: 0
  m_UseViewFrustumForShadowCasterCull: 1
  m_ShadowRadius: 0
  m_ShadowAngle: 0
--- !u!1 &7750004390756014359
GameObject:
  m_ObjectHideFlags: 0
  m_CorrespondingSourceObject: {fileID: 0}
  m_PrefabInstance: {fileID: 0}
  m_PrefabAsset: {fileID: 0}
  serializedVersion: 6
  m_Component:
  - component: {fileID: 880494360727625221}
  - component: {fileID: 7662783729822649626}
  - component: {fileID: 8321041788726134803}
  - component: {fileID: 6604924761129001697}
  - component: {fileID: 7254738539180446764}
  - component: {fileID: 2035057709093102722}
  m_Layer: 0
  m_Name: PlayerReal
  m_TagString: Player
  m_Icon: {fileID: 0}
  m_NavMeshLayer: 0
  m_StaticEditorFlags: 0
  m_IsActive: 1
--- !u!4 &880494360727625221
Transform:
  m_ObjectHideFlags: 0
  m_CorrespondingSourceObject: {fileID: 0}
  m_PrefabInstance: {fileID: 0}
  m_PrefabAsset: {fileID: 0}
  m_GameObject: {fileID: 7750004390756014359}
  m_LocalRotation: {x: 0, y: -0.7071068, z: 0, w: 0.7071068}
  m_LocalPosition: {x: 0, y: 1.88, z: 0}
  m_LocalScale: {x: 1, y: 1, z: 1}
  m_Children:
  - {fileID: 561984464413288906}
  - {fileID: 6136968887362539310}
  m_Father: {fileID: 561984465387612230}
  m_RootOrder: 0
  m_LocalEulerAnglesHint: {x: 0, y: -90, z: 0}
--- !u!114 &7662783729822649626
MonoBehaviour:
  m_ObjectHideFlags: 0
  m_CorrespondingSourceObject: {fileID: 0}
  m_PrefabInstance: {fileID: 0}
  m_PrefabAsset: {fileID: 0}
  m_GameObject: {fileID: 7750004390756014359}
  m_Enabled: 1
  m_EditorHideFlags: 0
  m_Script: {fileID: 11500000, guid: b46c8578964a2764e99aedbb4591e62b, type: 3}
  m_Name: 
  m_EditorClassIdentifier: 
  currentState: {fileID: 11400000, guid: 610b03e56dbc72146976d4e1e033beb8, type: 2}
  stateTimeCurrent: 0
  stateTimePrevious: -1
  character: {fileID: 561984464413288907}
  animator: {fileID: 7942974812373777230}
  charController: {fileID: 8321041788726134803}
  velocity: {x: 0, y: 0, z: 0}
  friction: {x: 0.75, y: 0.75, z: 0.75}
  gravity: -0.05
  isAerial: 1
  faceDir: 1
  hitbox: {fileID: 561984464392312504}
  health: 1
  SFX_jump: {fileID: 7254738539180446764}
  SFX_attack: {fileID: 2035057709093102722}
--- !u!143 &8321041788726134803
CharacterController:
  m_ObjectHideFlags: 0
  m_CorrespondingSourceObject: {fileID: 0}
  m_PrefabInstance: {fileID: 0}
  m_PrefabAsset: {fileID: 0}
  m_GameObject: {fileID: 7750004390756014359}
  m_Material: {fileID: 0}
  m_IsTrigger: 0
  m_Enabled: 1
  serializedVersion: 2
  m_Height: 1.7
  m_Radius: 0.5
  m_SlopeLimit: 45
  m_StepOffset: 0.3
  m_SkinWidth: 0.08
  m_MinMoveDistance: 0.001
  m_Center: {x: 0, y: -0.22, z: 0}
--- !u!114 &6604924761129001697
MonoBehaviour:
  m_ObjectHideFlags: 0
  m_CorrespondingSourceObject: {fileID: 0}
  m_PrefabInstance: {fileID: 0}
  m_PrefabAsset: {fileID: 0}
  m_GameObject: {fileID: 7750004390756014359}
  m_Enabled: 1
  m_EditorHideFlags: 0
  m_Script: {fileID: 11500000, guid: 2d856a50ca2ad5344969af8b3dbf867d, type: 3}
  m_Name: 
  m_EditorClassIdentifier: 
  DeathPitLayer: 8
--- !u!114 &7254738539180446764
MonoBehaviour:
  m_ObjectHideFlags: 0
  m_CorrespondingSourceObject: {fileID: 0}
  m_PrefabInstance: {fileID: 0}
  m_PrefabAsset: {fileID: 0}
  m_GameObject: {fileID: 7750004390756014359}
  m_Enabled: 1
  m_EditorHideFlags: 0
  m_Script: {fileID: 11500000, guid: 9a6610d2e704f1648819acc8d7460285, type: 3}
  m_Name: 
  m_EditorClassIdentifier: 
  CollisionTag: 
  Event: event:/SFX/Jump
  PlayEvent: 0
  StopEvent: 0
  AllowFadeout: 1
  TriggerOnce: 0
  Preload: 0
  Params: []
  OverrideAttenuation: 0
  OverrideMinDistance: 1
  OverrideMaxDistance: 20
--- !u!114 &2035057709093102722
MonoBehaviour:
  m_ObjectHideFlags: 0
  m_CorrespondingSourceObject: {fileID: 0}
  m_PrefabInstance: {fileID: 0}
  m_PrefabAsset: {fileID: 0}
  m_GameObject: {fileID: 7750004390756014359}
  m_Enabled: 1
  m_EditorHideFlags: 0
  m_Script: {fileID: 11500000, guid: 9a6610d2e704f1648819acc8d7460285, type: 3}
  m_Name: 
  m_EditorClassIdentifier: 
  CollisionTag: 
  Event: event:/SFX/Attack
  PlayEvent: 0
  StopEvent: 0
  AllowFadeout: 1
  TriggerOnce: 0
  Preload: 0
  Params: []
  OverrideAttenuation: 0
  OverrideMinDistance: 0
  OverrideMaxDistance: 0
--- !u!1 &8761381240458955018
GameObject:
  m_ObjectHideFlags: 0
  m_CorrespondingSourceObject: {fileID: 0}
  m_PrefabInstance: {fileID: 0}
  m_PrefabAsset: {fileID: 0}
  serializedVersion: 6
  m_Component:
  - component: {fileID: 6136968887362539310}
  m_Layer: 0
  m_Name: LightRig
  m_TagString: Untagged
  m_Icon: {fileID: 0}
  m_NavMeshLayer: 0
  m_StaticEditorFlags: 0
  m_IsActive: 1
--- !u!4 &6136968887362539310
Transform:
  m_ObjectHideFlags: 0
  m_CorrespondingSourceObject: {fileID: 0}
  m_PrefabInstance: {fileID: 0}
  m_PrefabAsset: {fileID: 0}
  m_GameObject: {fileID: 8761381240458955018}
  m_LocalRotation: {x: -0, y: 0.7071068, z: -0, w: 0.7071068}
  m_LocalPosition: {x: 0, y: 8, z: 0}
  m_LocalScale: {x: 1, y: 1, z: 1}
  m_Children:
  - {fileID: 8402488088261710523}
  - {fileID: 7531076582792014219}
  - {fileID: 8799587570250473447}
  - {fileID: 743804259730526475}
  - {fileID: 8975426388052963965}
  - {fileID: 3570126375419486201}
  m_Father: {fileID: 880494360727625221}
  m_RootOrder: 1
  m_LocalEulerAnglesHint: {x: 0, y: 0, z: 0}
--- !u!1001 &561984464294725259
PrefabInstance:
  m_ObjectHideFlags: 0
  serializedVersion: 2
  m_Modification:
    m_TransformParent: {fileID: 561984465010389216}
    m_Modifications:
    - target: {fileID: -8679921383154817045, guid: 4e070c31a4ebe1140a37b2ffa805f126, type: 3}
      propertyPath: m_RootOrder
      value: 0
      objectReference: {fileID: 0}
    - target: {fileID: -8679921383154817045, guid: 4e070c31a4ebe1140a37b2ffa805f126, type: 3}
      propertyPath: m_LocalScale.x
      value: 5.3571405
      objectReference: {fileID: 0}
    - target: {fileID: -8679921383154817045, guid: 4e070c31a4ebe1140a37b2ffa805f126, type: 3}
      propertyPath: m_LocalScale.y
      value: 5.3571424
      objectReference: {fileID: 0}
    - target: {fileID: -8679921383154817045, guid: 4e070c31a4ebe1140a37b2ffa805f126, type: 3}
      propertyPath: m_LocalScale.z
      value: 5.3571424
      objectReference: {fileID: 0}
    - target: {fileID: -8679921383154817045, guid: 4e070c31a4ebe1140a37b2ffa805f126, type: 3}
      propertyPath: m_LocalPosition.x
      value: 0
      objectReference: {fileID: 0}
    - target: {fileID: -8679921383154817045, guid: 4e070c31a4ebe1140a37b2ffa805f126, type: 3}
      propertyPath: m_LocalPosition.y
      value: 0
      objectReference: {fileID: 0}
    - target: {fileID: -8679921383154817045, guid: 4e070c31a4ebe1140a37b2ffa805f126, type: 3}
      propertyPath: m_LocalPosition.z
      value: 0.05
      objectReference: {fileID: 0}
    - target: {fileID: -8679921383154817045, guid: 4e070c31a4ebe1140a37b2ffa805f126, type: 3}
      propertyPath: m_LocalRotation.w
      value: 0.7071068
      objectReference: {fileID: 0}
    - target: {fileID: -8679921383154817045, guid: 4e070c31a4ebe1140a37b2ffa805f126, type: 3}
      propertyPath: m_LocalRotation.x
      value: 0
      objectReference: {fileID: 0}
    - target: {fileID: -8679921383154817045, guid: 4e070c31a4ebe1140a37b2ffa805f126, type: 3}
      propertyPath: m_LocalRotation.y
      value: 0
      objectReference: {fileID: 0}
    - target: {fileID: -8679921383154817045, guid: 4e070c31a4ebe1140a37b2ffa805f126, type: 3}
      propertyPath: m_LocalRotation.z
      value: 0.7071068
      objectReference: {fileID: 0}
    - target: {fileID: -8679921383154817045, guid: 4e070c31a4ebe1140a37b2ffa805f126, type: 3}
      propertyPath: m_LocalEulerAnglesHint.x
      value: 0
      objectReference: {fileID: 0}
    - target: {fileID: -8679921383154817045, guid: 4e070c31a4ebe1140a37b2ffa805f126, type: 3}
      propertyPath: m_LocalEulerAnglesHint.y
      value: 0
      objectReference: {fileID: 0}
    - target: {fileID: -8679921383154817045, guid: 4e070c31a4ebe1140a37b2ffa805f126, type: 3}
      propertyPath: m_LocalEulerAnglesHint.z
      value: 90
      objectReference: {fileID: 0}
    - target: {fileID: 919132149155446097, guid: 4e070c31a4ebe1140a37b2ffa805f126, type: 3}
      propertyPath: m_Name
      value: Goat
      objectReference: {fileID: 0}
    - target: {fileID: 919132149155446097, guid: 4e070c31a4ebe1140a37b2ffa805f126, type: 3}
      propertyPath: m_IsActive
      value: 1
      objectReference: {fileID: 0}
    m_RemovedComponents: []
  m_SourcePrefab: {fileID: 100100000, guid: 4e070c31a4ebe1140a37b2ffa805f126, type: 3}
--- !u!4 &19747890078294368 stripped
Transform:
  m_CorrespondingSourceObject: {fileID: -8679921383154817045, guid: 4e070c31a4ebe1140a37b2ffa805f126, type: 3}
  m_PrefabInstance: {fileID: 561984464294725259}
  m_PrefabAsset: {fileID: 0}
--- !u!1001 &561984464808136155
PrefabInstance:
  m_ObjectHideFlags: 0
  serializedVersion: 2
  m_Modification:
    m_TransformParent: {fileID: 561984465617836988}
    m_Modifications:
    - target: {fileID: 38101694036556137, guid: bd6ee82c5e06b3f4f86113cbf8261ae1, type: 3}
      propertyPath: m_LocalEulerAnglesHint.x
      value: -10.465096
      objectReference: {fileID: 0}
    - target: {fileID: 38101694036556137, guid: bd6ee82c5e06b3f4f86113cbf8261ae1, type: 3}
      propertyPath: m_LocalEulerAnglesHint.y
      value: 44.624775
      objectReference: {fileID: 0}
    - target: {fileID: 38101694036556137, guid: bd6ee82c5e06b3f4f86113cbf8261ae1, type: 3}
      propertyPath: m_LocalEulerAnglesHint.z
      value: -4.666381
      objectReference: {fileID: 0}
    - target: {fileID: 46986526155918958, guid: bd6ee82c5e06b3f4f86113cbf8261ae1, type: 3}
      propertyPath: m_LocalEulerAnglesHint.x
      value: 59.265335
      objectReference: {fileID: 0}
    - target: {fileID: 46986526155918958, guid: bd6ee82c5e06b3f4f86113cbf8261ae1, type: 3}
      propertyPath: m_LocalEulerAnglesHint.y
      value: -6.16938
      objectReference: {fileID: 0}
    - target: {fileID: 46986526155918958, guid: bd6ee82c5e06b3f4f86113cbf8261ae1, type: 3}
      propertyPath: m_LocalEulerAnglesHint.z
      value: -10.8238945
      objectReference: {fileID: 0}
    - target: {fileID: 49447877029854415, guid: bd6ee82c5e06b3f4f86113cbf8261ae1, type: 3}
      propertyPath: m_LocalEulerAnglesHint.x
      value: 9.912947
      objectReference: {fileID: 0}
    - target: {fileID: 49447877029854415, guid: bd6ee82c5e06b3f4f86113cbf8261ae1, type: 3}
      propertyPath: m_LocalEulerAnglesHint.y
      value: 0.97513163
      objectReference: {fileID: 0}
    - target: {fileID: 49447877029854415, guid: bd6ee82c5e06b3f4f86113cbf8261ae1, type: 3}
      propertyPath: m_LocalEulerAnglesHint.z
      value: 1.4343152
      objectReference: {fileID: 0}
    - target: {fileID: 404684814211080889, guid: bd6ee82c5e06b3f4f86113cbf8261ae1, type: 3}
      propertyPath: m_LocalEulerAnglesHint.x
      value: 2.2293878
      objectReference: {fileID: 0}
    - target: {fileID: 404684814211080889, guid: bd6ee82c5e06b3f4f86113cbf8261ae1, type: 3}
      propertyPath: m_LocalEulerAnglesHint.y
      value: 4.7274113
      objectReference: {fileID: 0}
    - target: {fileID: 404684814211080889, guid: bd6ee82c5e06b3f4f86113cbf8261ae1, type: 3}
      propertyPath: m_LocalEulerAnglesHint.z
      value: 1.7559179
      objectReference: {fileID: 0}
    - target: {fileID: 539745478100655087, guid: bd6ee82c5e06b3f4f86113cbf8261ae1, type: 3}
      propertyPath: m_RootOrder
      value: 1
      objectReference: {fileID: 0}
    - target: {fileID: 539745478100655087, guid: bd6ee82c5e06b3f4f86113cbf8261ae1, type: 3}
      propertyPath: m_LocalPosition.x
      value: 0
      objectReference: {fileID: 0}
    - target: {fileID: 539745478100655087, guid: bd6ee82c5e06b3f4f86113cbf8261ae1, type: 3}
      propertyPath: m_LocalPosition.y
      value: -1
      objectReference: {fileID: 0}
    - target: {fileID: 539745478100655087, guid: bd6ee82c5e06b3f4f86113cbf8261ae1, type: 3}
      propertyPath: m_LocalPosition.z
      value: 0
      objectReference: {fileID: 0}
    - target: {fileID: 539745478100655087, guid: bd6ee82c5e06b3f4f86113cbf8261ae1, type: 3}
      propertyPath: m_LocalRotation.w
      value: 1
      objectReference: {fileID: 0}
    - target: {fileID: 539745478100655087, guid: bd6ee82c5e06b3f4f86113cbf8261ae1, type: 3}
      propertyPath: m_LocalRotation.x
      value: 0
      objectReference: {fileID: 0}
    - target: {fileID: 539745478100655087, guid: bd6ee82c5e06b3f4f86113cbf8261ae1, type: 3}
      propertyPath: m_LocalRotation.y
      value: 0
      objectReference: {fileID: 0}
    - target: {fileID: 539745478100655087, guid: bd6ee82c5e06b3f4f86113cbf8261ae1, type: 3}
      propertyPath: m_LocalRotation.z
      value: 0
      objectReference: {fileID: 0}
    - target: {fileID: 539745478100655087, guid: bd6ee82c5e06b3f4f86113cbf8261ae1, type: 3}
      propertyPath: m_LocalEulerAnglesHint.x
      value: 0
      objectReference: {fileID: 0}
    - target: {fileID: 539745478100655087, guid: bd6ee82c5e06b3f4f86113cbf8261ae1, type: 3}
      propertyPath: m_LocalEulerAnglesHint.y
      value: 0
      objectReference: {fileID: 0}
    - target: {fileID: 539745478100655087, guid: bd6ee82c5e06b3f4f86113cbf8261ae1, type: 3}
      propertyPath: m_LocalEulerAnglesHint.z
      value: 0
      objectReference: {fileID: 0}
    - target: {fileID: 632919408841136468, guid: bd6ee82c5e06b3f4f86113cbf8261ae1, type: 3}
      propertyPath: m_LocalEulerAnglesHint.x
      value: 13.9841585
      objectReference: {fileID: 0}
    - target: {fileID: 632919408841136468, guid: bd6ee82c5e06b3f4f86113cbf8261ae1, type: 3}
      propertyPath: m_LocalEulerAnglesHint.y
      value: 0.23246764
      objectReference: {fileID: 0}
    - target: {fileID: 632919408841136468, guid: bd6ee82c5e06b3f4f86113cbf8261ae1, type: 3}
      propertyPath: m_LocalEulerAnglesHint.z
      value: 1.8952888
      objectReference: {fileID: 0}
    - target: {fileID: 650412000016856578, guid: bd6ee82c5e06b3f4f86113cbf8261ae1, type: 3}
      propertyPath: m_LocalEulerAnglesHint.x
      value: 24.571266
      objectReference: {fileID: 0}
    - target: {fileID: 650412000016856578, guid: bd6ee82c5e06b3f4f86113cbf8261ae1, type: 3}
      propertyPath: m_LocalEulerAnglesHint.y
      value: 21.273413
      objectReference: {fileID: 0}
    - target: {fileID: 650412000016856578, guid: bd6ee82c5e06b3f4f86113cbf8261ae1, type: 3}
      propertyPath: m_LocalEulerAnglesHint.z
      value: -44.400444
      objectReference: {fileID: 0}
    - target: {fileID: 668006632354280349, guid: bd6ee82c5e06b3f4f86113cbf8261ae1, type: 3}
      propertyPath: m_LocalEulerAnglesHint.x
      value: -7.9460993
      objectReference: {fileID: 0}
    - target: {fileID: 668006632354280349, guid: bd6ee82c5e06b3f4f86113cbf8261ae1, type: 3}
      propertyPath: m_LocalEulerAnglesHint.z
      value: -0
      objectReference: {fileID: 0}
    - target: {fileID: 789201070685644870, guid: bd6ee82c5e06b3f4f86113cbf8261ae1, type: 3}
      propertyPath: m_LocalEulerAnglesHint.x
      value: 63.21097
      objectReference: {fileID: 0}
    - target: {fileID: 789201070685644870, guid: bd6ee82c5e06b3f4f86113cbf8261ae1, type: 3}
      propertyPath: m_LocalEulerAnglesHint.y
      value: 9.40213
      objectReference: {fileID: 0}
    - target: {fileID: 789201070685644870, guid: bd6ee82c5e06b3f4f86113cbf8261ae1, type: 3}
      propertyPath: m_LocalEulerAnglesHint.z
      value: 15.250191
      objectReference: {fileID: 0}
    - target: {fileID: 1029178351064756532, guid: bd6ee82c5e06b3f4f86113cbf8261ae1, type: 3}
      propertyPath: m_LocalEulerAnglesHint.x
      value: 68.51791
      objectReference: {fileID: 0}
    - target: {fileID: 1029178351064756532, guid: bd6ee82c5e06b3f4f86113cbf8261ae1, type: 3}
      propertyPath: m_LocalEulerAnglesHint.y
      value: -154.59702
      objectReference: {fileID: 0}
    - target: {fileID: 1029178351064756532, guid: bd6ee82c5e06b3f4f86113cbf8261ae1, type: 3}
      propertyPath: m_LocalEulerAnglesHint.z
      value: -163.59145
      objectReference: {fileID: 0}
    - target: {fileID: 1245275053966154892, guid: bd6ee82c5e06b3f4f86113cbf8261ae1, type: 3}
      propertyPath: m_LocalEulerAnglesHint.x
      value: -7.6178784
      objectReference: {fileID: 0}
    - target: {fileID: 1245275053966154892, guid: bd6ee82c5e06b3f4f86113cbf8261ae1, type: 3}
      propertyPath: m_LocalEulerAnglesHint.y
      value: -19.050936
      objectReference: {fileID: 0}
    - target: {fileID: 1245275053966154892, guid: bd6ee82c5e06b3f4f86113cbf8261ae1, type: 3}
      propertyPath: m_LocalEulerAnglesHint.z
      value: -41.061672
      objectReference: {fileID: 0}
    - target: {fileID: 1449764107670396836, guid: bd6ee82c5e06b3f4f86113cbf8261ae1, type: 3}
      propertyPath: m_LocalEulerAnglesHint.x
      value: 35.876816
      objectReference: {fileID: 0}
    - target: {fileID: 1449764107670396836, guid: bd6ee82c5e06b3f4f86113cbf8261ae1, type: 3}
      propertyPath: m_LocalEulerAnglesHint.y
      value: 5.188954
      objectReference: {fileID: 0}
    - target: {fileID: 1449764107670396836, guid: bd6ee82c5e06b3f4f86113cbf8261ae1, type: 3}
      propertyPath: m_LocalEulerAnglesHint.z
      value: 3.377999
      objectReference: {fileID: 0}
    - target: {fileID: 1589130315247471224, guid: bd6ee82c5e06b3f4f86113cbf8261ae1, type: 3}
      propertyPath: m_LocalEulerAnglesHint.x
      value: 2.2770805
      objectReference: {fileID: 0}
    - target: {fileID: 1589130315247471224, guid: bd6ee82c5e06b3f4f86113cbf8261ae1, type: 3}
      propertyPath: m_LocalEulerAnglesHint.y
      value: -7.2887936
      objectReference: {fileID: 0}
    - target: {fileID: 1589130315247471224, guid: bd6ee82c5e06b3f4f86113cbf8261ae1, type: 3}
      propertyPath: m_LocalEulerAnglesHint.z
      value: 0.8084414
      objectReference: {fileID: 0}
    - target: {fileID: 1736390052843337352, guid: bd6ee82c5e06b3f4f86113cbf8261ae1, type: 3}
      propertyPath: m_LocalEulerAnglesHint.x
      value: 48.006924
      objectReference: {fileID: 0}
    - target: {fileID: 1736390052843337352, guid: bd6ee82c5e06b3f4f86113cbf8261ae1, type: 3}
      propertyPath: m_LocalEulerAnglesHint.y
      value: 21.133251
      objectReference: {fileID: 0}
    - target: {fileID: 1736390052843337352, guid: bd6ee82c5e06b3f4f86113cbf8261ae1, type: 3}
      propertyPath: m_LocalEulerAnglesHint.z
      value: 84.65005
      objectReference: {fileID: 0}
    - target: {fileID: 1821246364037612516, guid: bd6ee82c5e06b3f4f86113cbf8261ae1, type: 3}
      propertyPath: m_LocalEulerAnglesHint.x
      value: 24.037392
      objectReference: {fileID: 0}
    - target: {fileID: 1821246364037612516, guid: bd6ee82c5e06b3f4f86113cbf8261ae1, type: 3}
      propertyPath: m_LocalEulerAnglesHint.y
      value: 0.7239364
      objectReference: {fileID: 0}
    - target: {fileID: 1821246364037612516, guid: bd6ee82c5e06b3f4f86113cbf8261ae1, type: 3}
      propertyPath: m_LocalEulerAnglesHint.z
      value: 3.399393
      objectReference: {fileID: 0}
    - target: {fileID: 2004308958455250584, guid: bd6ee82c5e06b3f4f86113cbf8261ae1, type: 3}
      propertyPath: m_LocalEulerAnglesHint.x
      value: 15.816034
      objectReference: {fileID: 0}
    - target: {fileID: 2004308958455250584, guid: bd6ee82c5e06b3f4f86113cbf8261ae1, type: 3}
      propertyPath: m_LocalEulerAnglesHint.y
      value: 0.9780318
      objectReference: {fileID: 0}
    - target: {fileID: 2004308958455250584, guid: bd6ee82c5e06b3f4f86113cbf8261ae1, type: 3}
      propertyPath: m_LocalEulerAnglesHint.z
      value: 2.0038216
      objectReference: {fileID: 0}
    - target: {fileID: 2006971926853278976, guid: bd6ee82c5e06b3f4f86113cbf8261ae1, type: 3}
      propertyPath: m_LocalEulerAnglesHint.x
      value: -43.65918
      objectReference: {fileID: 0}
    - target: {fileID: 2006971926853278976, guid: bd6ee82c5e06b3f4f86113cbf8261ae1, type: 3}
      propertyPath: m_LocalEulerAnglesHint.y
      value: 2.190906
      objectReference: {fileID: 0}
    - target: {fileID: 2006971926853278976, guid: bd6ee82c5e06b3f4f86113cbf8261ae1, type: 3}
      propertyPath: m_LocalEulerAnglesHint.z
      value: -7.0285816
      objectReference: {fileID: 0}
    - target: {fileID: 2289493133889538587, guid: bd6ee82c5e06b3f4f86113cbf8261ae1, type: 3}
      propertyPath: m_LocalEulerAnglesHint.x
      value: 69.745804
      objectReference: {fileID: 0}
    - target: {fileID: 2289493133889538587, guid: bd6ee82c5e06b3f4f86113cbf8261ae1, type: 3}
      propertyPath: m_LocalEulerAnglesHint.y
      value: 31.376709
      objectReference: {fileID: 0}
    - target: {fileID: 2289493133889538587, guid: bd6ee82c5e06b3f4f86113cbf8261ae1, type: 3}
      propertyPath: m_LocalEulerAnglesHint.z
      value: 24.932308
      objectReference: {fileID: 0}
    - target: {fileID: 2557290871786022883, guid: bd6ee82c5e06b3f4f86113cbf8261ae1, type: 3}
      propertyPath: m_LocalEulerAnglesHint.x
      value: 5.0996933
      objectReference: {fileID: 0}
    - target: {fileID: 2557290871786022883, guid: bd6ee82c5e06b3f4f86113cbf8261ae1, type: 3}
      propertyPath: m_LocalEulerAnglesHint.y
      value: -0.000015274181
      objectReference: {fileID: 0}
    - target: {fileID: 2557290871786022883, guid: bd6ee82c5e06b3f4f86113cbf8261ae1, type: 3}
      propertyPath: m_LocalEulerAnglesHint.z
      value: -0.00000055101737
      objectReference: {fileID: 0}
    - target: {fileID: 2561657633892041312, guid: bd6ee82c5e06b3f4f86113cbf8261ae1, type: 3}
      propertyPath: m_LocalEulerAnglesHint.x
      value: 75.38284
      objectReference: {fileID: 0}
    - target: {fileID: 2561657633892041312, guid: bd6ee82c5e06b3f4f86113cbf8261ae1, type: 3}
      propertyPath: m_LocalEulerAnglesHint.y
      value: 0.3503092
      objectReference: {fileID: 0}
    - target: {fileID: 2561657633892041312, guid: bd6ee82c5e06b3f4f86113cbf8261ae1, type: 3}
      propertyPath: m_LocalEulerAnglesHint.z
      value: 97.47056
      objectReference: {fileID: 0}
    - target: {fileID: 2647666789720681232, guid: bd6ee82c5e06b3f4f86113cbf8261ae1, type: 3}
      propertyPath: m_LocalEulerAnglesHint.x
      value: 32.51331
      objectReference: {fileID: 0}
    - target: {fileID: 2647666789720681232, guid: bd6ee82c5e06b3f4f86113cbf8261ae1, type: 3}
      propertyPath: m_LocalEulerAnglesHint.y
      value: -31.553194
      objectReference: {fileID: 0}
    - target: {fileID: 2647666789720681232, guid: bd6ee82c5e06b3f4f86113cbf8261ae1, type: 3}
      propertyPath: m_LocalEulerAnglesHint.z
      value: 76.06801
      objectReference: {fileID: 0}
    - target: {fileID: 2827324758261372908, guid: bd6ee82c5e06b3f4f86113cbf8261ae1, type: 3}
      propertyPath: m_LocalEulerAnglesHint.x
      value: 2.22938
      objectReference: {fileID: 0}
    - target: {fileID: 2827324758261372908, guid: bd6ee82c5e06b3f4f86113cbf8261ae1, type: 3}
      propertyPath: m_LocalEulerAnglesHint.y
      value: -4.727429
      objectReference: {fileID: 0}
    - target: {fileID: 2827324758261372908, guid: bd6ee82c5e06b3f4f86113cbf8261ae1, type: 3}
      propertyPath: m_LocalEulerAnglesHint.z
      value: -1.7559161
      objectReference: {fileID: 0}
    - target: {fileID: 2892780539611831731, guid: bd6ee82c5e06b3f4f86113cbf8261ae1, type: 3}
      propertyPath: m_LocalEulerAnglesHint.x
      value: -11.406188
      objectReference: {fileID: 0}
    - target: {fileID: 2892780539611831731, guid: bd6ee82c5e06b3f4f86113cbf8261ae1, type: 3}
      propertyPath: m_LocalEulerAnglesHint.y
      value: -0.48779735
      objectReference: {fileID: 0}
    - target: {fileID: 2892780539611831731, guid: bd6ee82c5e06b3f4f86113cbf8261ae1, type: 3}
      propertyPath: m_LocalEulerAnglesHint.z
      value: -6.855052
      objectReference: {fileID: 0}
    - target: {fileID: 3097883888345784054, guid: bd6ee82c5e06b3f4f86113cbf8261ae1, type: 3}
      propertyPath: m_LocalEulerAnglesHint.x
      value: 29.646215
      objectReference: {fileID: 0}
    - target: {fileID: 3097883888345784054, guid: bd6ee82c5e06b3f4f86113cbf8261ae1, type: 3}
      propertyPath: m_LocalEulerAnglesHint.y
      value: -0.96574676
      objectReference: {fileID: 0}
    - target: {fileID: 3097883888345784054, guid: bd6ee82c5e06b3f4f86113cbf8261ae1, type: 3}
      propertyPath: m_LocalEulerAnglesHint.z
      value: -3.6481042
      objectReference: {fileID: 0}
    - target: {fileID: 3119608742464780565, guid: bd6ee82c5e06b3f4f86113cbf8261ae1, type: 3}
      propertyPath: m_LocalEulerAnglesHint.x
      value: 4.8948174
      objectReference: {fileID: 0}
    - target: {fileID: 3119608742464780565, guid: bd6ee82c5e06b3f4f86113cbf8261ae1, type: 3}
      propertyPath: m_LocalEulerAnglesHint.y
      value: -4.903599
      objectReference: {fileID: 0}
    - target: {fileID: 3119608742464780565, guid: bd6ee82c5e06b3f4f86113cbf8261ae1, type: 3}
      propertyPath: m_LocalEulerAnglesHint.z
      value: -8.569193
      objectReference: {fileID: 0}
    - target: {fileID: 3234227603562185871, guid: bd6ee82c5e06b3f4f86113cbf8261ae1, type: 3}
      propertyPath: m_LocalEulerAnglesHint.x
      value: 32.737854
      objectReference: {fileID: 0}
    - target: {fileID: 3234227603562185871, guid: bd6ee82c5e06b3f4f86113cbf8261ae1, type: 3}
      propertyPath: m_LocalEulerAnglesHint.y
      value: 31.767635
      objectReference: {fileID: 0}
    - target: {fileID: 3234227603562185871, guid: bd6ee82c5e06b3f4f86113cbf8261ae1, type: 3}
      propertyPath: m_LocalEulerAnglesHint.z
      value: -76.418304
      objectReference: {fileID: 0}
    - target: {fileID: 3347735418540642312, guid: bd6ee82c5e06b3f4f86113cbf8261ae1, type: 3}
      propertyPath: m_LocalRotation.w
      value: 0.025505608
      objectReference: {fileID: 0}
    - target: {fileID: 3347735418540642312, guid: bd6ee82c5e06b3f4f86113cbf8261ae1, type: 3}
      propertyPath: m_LocalRotation.x
      value: -0.00023406364
      objectReference: {fileID: 0}
    - target: {fileID: 3347735418540642312, guid: bd6ee82c5e06b3f4f86113cbf8261ae1, type: 3}
      propertyPath: m_LocalRotation.y
      value: -0.008087971
      objectReference: {fileID: 0}
    - target: {fileID: 3347735418540642312, guid: bd6ee82c5e06b3f4f86113cbf8261ae1, type: 3}
      propertyPath: m_LocalRotation.z
      value: 0.99964195
      objectReference: {fileID: 0}
    - target: {fileID: 3347735418540642312, guid: bd6ee82c5e06b3f4f86113cbf8261ae1, type: 3}
      propertyPath: m_LocalEulerAnglesHint.x
      value: -17.558826
      objectReference: {fileID: 0}
    - target: {fileID: 3347735418540642312, guid: bd6ee82c5e06b3f4f86113cbf8261ae1, type: 3}
      propertyPath: m_LocalEulerAnglesHint.y
      value: -1.8760413
      objectReference: {fileID: 0}
    - target: {fileID: 3347735418540642312, guid: bd6ee82c5e06b3f4f86113cbf8261ae1, type: 3}
      propertyPath: m_LocalEulerAnglesHint.z
      value: -175.6965
      objectReference: {fileID: 0}
    - target: {fileID: 3541754002163558908, guid: bd6ee82c5e06b3f4f86113cbf8261ae1, type: 3}
      propertyPath: m_Name
      value: Jammo_Player
      objectReference: {fileID: 0}
    - target: {fileID: 3541754002163558908, guid: bd6ee82c5e06b3f4f86113cbf8261ae1, type: 3}
      propertyPath: m_TagString
      value: Player
      objectReference: {fileID: 0}
    - target: {fileID: 3609869344792266581, guid: bd6ee82c5e06b3f4f86113cbf8261ae1, type: 3}
      propertyPath: m_LocalEulerAnglesHint.x
      value: 1.2090014
      objectReference: {fileID: 0}
    - target: {fileID: 3609869344792266581, guid: bd6ee82c5e06b3f4f86113cbf8261ae1, type: 3}
      propertyPath: m_LocalEulerAnglesHint.y
      value: 0.3313935
      objectReference: {fileID: 0}
    - target: {fileID: 3609869344792266581, guid: bd6ee82c5e06b3f4f86113cbf8261ae1, type: 3}
      propertyPath: m_LocalEulerAnglesHint.z
      value: 0.33137256
      objectReference: {fileID: 0}
    - target: {fileID: 3772228501605983572, guid: bd6ee82c5e06b3f4f86113cbf8261ae1, type: 3}
      propertyPath: m_LocalEulerAnglesHint.x
      value: 34.845604
      objectReference: {fileID: 0}
    - target: {fileID: 3772228501605983572, guid: bd6ee82c5e06b3f4f86113cbf8261ae1, type: 3}
      propertyPath: m_LocalEulerAnglesHint.y
      value: 42.489456
      objectReference: {fileID: 0}
    - target: {fileID: 3772228501605983572, guid: bd6ee82c5e06b3f4f86113cbf8261ae1, type: 3}
      propertyPath: m_LocalEulerAnglesHint.z
      value: 17.950571
      objectReference: {fileID: 0}
    - target: {fileID: 3786663924609172669, guid: bd6ee82c5e06b3f4f86113cbf8261ae1, type: 3}
      propertyPath: m_LocalEulerAnglesHint.x
      value: 17.273678
      objectReference: {fileID: 0}
    - target: {fileID: 3786663924609172669, guid: bd6ee82c5e06b3f4f86113cbf8261ae1, type: 3}
      propertyPath: m_LocalEulerAnglesHint.y
      value: 1.0154916
      objectReference: {fileID: 0}
    - target: {fileID: 3786663924609172669, guid: bd6ee82c5e06b3f4f86113cbf8261ae1, type: 3}
      propertyPath: m_LocalEulerAnglesHint.z
      value: 1.9381949
      objectReference: {fileID: 0}
    - target: {fileID: 3963437824237824200, guid: bd6ee82c5e06b3f4f86113cbf8261ae1, type: 3}
      propertyPath: m_LocalEulerAnglesHint.x
      value: 64.12756
      objectReference: {fileID: 0}
    - target: {fileID: 3963437824237824200, guid: bd6ee82c5e06b3f4f86113cbf8261ae1, type: 3}
      propertyPath: m_LocalEulerAnglesHint.y
      value: 8.357363
      objectReference: {fileID: 0}
    - target: {fileID: 3963437824237824200, guid: bd6ee82c5e06b3f4f86113cbf8261ae1, type: 3}
      propertyPath: m_LocalEulerAnglesHint.z
      value: 15.73964
      objectReference: {fileID: 0}
    - target: {fileID: 4038941365592156516, guid: bd6ee82c5e06b3f4f86113cbf8261ae1, type: 3}
      propertyPath: m_LocalEulerAnglesHint.x
      value: 5.103206
      objectReference: {fileID: 0}
    - target: {fileID: 4038941365592156516, guid: bd6ee82c5e06b3f4f86113cbf8261ae1, type: 3}
      propertyPath: m_LocalEulerAnglesHint.y
      value: 0.000014831874
      objectReference: {fileID: 0}
    - target: {fileID: 4038941365592156516, guid: bd6ee82c5e06b3f4f86113cbf8261ae1, type: 3}
      propertyPath: m_LocalEulerAnglesHint.z
      value: -0.000002806459
      objectReference: {fileID: 0}
    - target: {fileID: 4281225624292822488, guid: bd6ee82c5e06b3f4f86113cbf8261ae1, type: 3}
      propertyPath: m_LocalEulerAnglesHint.x
      value: 4.8948174
      objectReference: {fileID: 0}
    - target: {fileID: 4281225624292822488, guid: bd6ee82c5e06b3f4f86113cbf8261ae1, type: 3}
      propertyPath: m_LocalEulerAnglesHint.y
      value: 4.903599
      objectReference: {fileID: 0}
    - target: {fileID: 4281225624292822488, guid: bd6ee82c5e06b3f4f86113cbf8261ae1, type: 3}
      propertyPath: m_LocalEulerAnglesHint.z
      value: 8.569193
      objectReference: {fileID: 0}
    - target: {fileID: 4523608188334145856, guid: bd6ee82c5e06b3f4f86113cbf8261ae1, type: 3}
      propertyPath: m_LocalEulerAnglesHint.x
      value: 25.587343
      objectReference: {fileID: 0}
    - target: {fileID: 4523608188334145856, guid: bd6ee82c5e06b3f4f86113cbf8261ae1, type: 3}
      propertyPath: m_LocalEulerAnglesHint.y
      value: -1.0573058
      objectReference: {fileID: 0}
    - target: {fileID: 4523608188334145856, guid: bd6ee82c5e06b3f4f86113cbf8261ae1, type: 3}
      propertyPath: m_LocalEulerAnglesHint.z
      value: 14.243105
      objectReference: {fileID: 0}
    - target: {fileID: 4625820438281264176, guid: bd6ee82c5e06b3f4f86113cbf8261ae1, type: 3}
      propertyPath: m_LocalEulerAnglesHint.x
      value: 12.104944
      objectReference: {fileID: 0}
    - target: {fileID: 4625820438281264176, guid: bd6ee82c5e06b3f4f86113cbf8261ae1, type: 3}
      propertyPath: m_LocalEulerAnglesHint.y
      value: -5.0698633
      objectReference: {fileID: 0}
    - target: {fileID: 4625820438281264176, guid: bd6ee82c5e06b3f4f86113cbf8261ae1, type: 3}
      propertyPath: m_LocalEulerAnglesHint.z
      value: 3.622138
      objectReference: {fileID: 0}
    - target: {fileID: 4830960991343532976, guid: bd6ee82c5e06b3f4f86113cbf8261ae1, type: 3}
      propertyPath: m_LocalEulerAnglesHint.x
      value: 18.715536
      objectReference: {fileID: 0}
    - target: {fileID: 4830960991343532976, guid: bd6ee82c5e06b3f4f86113cbf8261ae1, type: 3}
      propertyPath: m_LocalEulerAnglesHint.y
      value: -0.72639906
      objectReference: {fileID: 0}
    - target: {fileID: 4830960991343532976, guid: bd6ee82c5e06b3f4f86113cbf8261ae1, type: 3}
      propertyPath: m_LocalEulerAnglesHint.z
      value: -2.3214624
      objectReference: {fileID: 0}
    - target: {fileID: 4935914161864750418, guid: bd6ee82c5e06b3f4f86113cbf8261ae1, type: 3}
      propertyPath: m_LocalEulerAnglesHint.x
      value: 32.754826
      objectReference: {fileID: 0}
    - target: {fileID: 4935914161864750418, guid: bd6ee82c5e06b3f4f86113cbf8261ae1, type: 3}
      propertyPath: m_LocalEulerAnglesHint.y
      value: -0.61345106
      objectReference: {fileID: 0}
    - target: {fileID: 4935914161864750418, guid: bd6ee82c5e06b3f4f86113cbf8261ae1, type: 3}
      propertyPath: m_LocalEulerAnglesHint.z
      value: -4.124445
      objectReference: {fileID: 0}
    - target: {fileID: 5130141285697591134, guid: bd6ee82c5e06b3f4f86113cbf8261ae1, type: 3}
      propertyPath: m_LocalEulerAnglesHint.x
      value: 50.49699
      objectReference: {fileID: 0}
    - target: {fileID: 5130141285697591134, guid: bd6ee82c5e06b3f4f86113cbf8261ae1, type: 3}
      propertyPath: m_LocalEulerAnglesHint.y
      value: -5.0162725
      objectReference: {fileID: 0}
    - target: {fileID: 5130141285697591134, guid: bd6ee82c5e06b3f4f86113cbf8261ae1, type: 3}
      propertyPath: m_LocalEulerAnglesHint.z
      value: -8.295906
      objectReference: {fileID: 0}
    - target: {fileID: 5460221536256242760, guid: bd6ee82c5e06b3f4f86113cbf8261ae1, type: 3}
      propertyPath: m_LocalEulerAnglesHint.x
      value: -71.26508
      objectReference: {fileID: 0}
    - target: {fileID: 5460221536256242760, guid: bd6ee82c5e06b3f4f86113cbf8261ae1, type: 3}
      propertyPath: m_LocalEulerAnglesHint.y
      value: 8.885034
      objectReference: {fileID: 0}
    - target: {fileID: 5460221536256242760, guid: bd6ee82c5e06b3f4f86113cbf8261ae1, type: 3}
      propertyPath: m_LocalEulerAnglesHint.z
      value: -5.043525
      objectReference: {fileID: 0}
    - target: {fileID: 5518930826735713987, guid: bd6ee82c5e06b3f4f86113cbf8261ae1, type: 3}
      propertyPath: m_LocalEulerAnglesHint.x
      value: 9.492276
      objectReference: {fileID: 0}
    - target: {fileID: 5518930826735713987, guid: bd6ee82c5e06b3f4f86113cbf8261ae1, type: 3}
      propertyPath: m_LocalEulerAnglesHint.y
      value: 38.63976
      objectReference: {fileID: 0}
    - target: {fileID: 5518930826735713987, guid: bd6ee82c5e06b3f4f86113cbf8261ae1, type: 3}
      propertyPath: m_LocalEulerAnglesHint.z
      value: -20.446974
      objectReference: {fileID: 0}
    - target: {fileID: 5793013739203264410, guid: bd6ee82c5e06b3f4f86113cbf8261ae1, type: 3}
      propertyPath: m_LocalEulerAnglesHint.x
      value: 51.299282
      objectReference: {fileID: 0}
    - target: {fileID: 5793013739203264410, guid: bd6ee82c5e06b3f4f86113cbf8261ae1, type: 3}
      propertyPath: m_LocalEulerAnglesHint.y
      value: 9.6300955
      objectReference: {fileID: 0}
    - target: {fileID: 5793013739203264410, guid: bd6ee82c5e06b3f4f86113cbf8261ae1, type: 3}
      propertyPath: m_LocalEulerAnglesHint.z
      value: 9.151506
      objectReference: {fileID: 0}
    - target: {fileID: 5869159519003263498, guid: bd6ee82c5e06b3f4f86113cbf8261ae1, type: 3}
      propertyPath: m_LocalEulerAnglesHint.x
      value: 53.566284
      objectReference: {fileID: 0}
    - target: {fileID: 5869159519003263498, guid: bd6ee82c5e06b3f4f86113cbf8261ae1, type: 3}
      propertyPath: m_LocalEulerAnglesHint.y
      value: -19.011692
      objectReference: {fileID: 0}
    - target: {fileID: 5869159519003263498, guid: bd6ee82c5e06b3f4f86113cbf8261ae1, type: 3}
      propertyPath: m_LocalEulerAnglesHint.z
      value: 69.31805
      objectReference: {fileID: 0}
    - target: {fileID: 5936567709104571176, guid: bd6ee82c5e06b3f4f86113cbf8261ae1, type: 3}
      propertyPath: m_LocalEulerAnglesHint.x
      value: 12.988384
      objectReference: {fileID: 0}
    - target: {fileID: 5936567709104571176, guid: bd6ee82c5e06b3f4f86113cbf8261ae1, type: 3}
      propertyPath: m_LocalEulerAnglesHint.y
      value: -34.852028
      objectReference: {fileID: 0}
    - target: {fileID: 5936567709104571176, guid: bd6ee82c5e06b3f4f86113cbf8261ae1, type: 3}
      propertyPath: m_LocalEulerAnglesHint.z
      value: -39.67922
      objectReference: {fileID: 0}
    - target: {fileID: 6095549730846027436, guid: bd6ee82c5e06b3f4f86113cbf8261ae1, type: 3}
      propertyPath: m_LocalEulerAnglesHint.x
      value: 22.451847
      objectReference: {fileID: 0}
    - target: {fileID: 6095549730846027436, guid: bd6ee82c5e06b3f4f86113cbf8261ae1, type: 3}
      propertyPath: m_LocalEulerAnglesHint.y
      value: 0.9867966
      objectReference: {fileID: 0}
    - target: {fileID: 6095549730846027436, guid: bd6ee82c5e06b3f4f86113cbf8261ae1, type: 3}
      propertyPath: m_LocalEulerAnglesHint.z
      value: -14.151541
      objectReference: {fileID: 0}
    - target: {fileID: 6099821193434505623, guid: bd6ee82c5e06b3f4f86113cbf8261ae1, type: 3}
      propertyPath: m_LocalEulerAnglesHint.x
      value: 67.30905
      objectReference: {fileID: 0}
    - target: {fileID: 6099821193434505623, guid: bd6ee82c5e06b3f4f86113cbf8261ae1, type: 3}
      propertyPath: m_LocalEulerAnglesHint.y
      value: 28.832567
      objectReference: {fileID: 0}
    - target: {fileID: 6099821193434505623, guid: bd6ee82c5e06b3f4f86113cbf8261ae1, type: 3}
      propertyPath: m_LocalEulerAnglesHint.z
      value: 22.412941
      objectReference: {fileID: 0}
    - target: {fileID: 6376361113228782779, guid: bd6ee82c5e06b3f4f86113cbf8261ae1, type: 3}
      propertyPath: m_LocalEulerAnglesHint.x
      value: 1.2090013
      objectReference: {fileID: 0}
    - target: {fileID: 6376361113228782779, guid: bd6ee82c5e06b3f4f86113cbf8261ae1, type: 3}
      propertyPath: m_LocalEulerAnglesHint.y
      value: -0.33139434
      objectReference: {fileID: 0}
    - target: {fileID: 6376361113228782779, guid: bd6ee82c5e06b3f4f86113cbf8261ae1, type: 3}
      propertyPath: m_LocalEulerAnglesHint.z
      value: -0.33137107
      objectReference: {fileID: 0}
    - target: {fileID: 6381046285418556939, guid: bd6ee82c5e06b3f4f86113cbf8261ae1, type: 3}
      propertyPath: m_LocalEulerAnglesHint.x
      value: 59.424076
      objectReference: {fileID: 0}
    - target: {fileID: 6381046285418556939, guid: bd6ee82c5e06b3f4f86113cbf8261ae1, type: 3}
      propertyPath: m_LocalEulerAnglesHint.y
      value: 6.843167
      objectReference: {fileID: 0}
    - target: {fileID: 6381046285418556939, guid: bd6ee82c5e06b3f4f86113cbf8261ae1, type: 3}
      propertyPath: m_LocalEulerAnglesHint.z
      value: 13.003723
      objectReference: {fileID: 0}
    - target: {fileID: 6713046130348130031, guid: bd6ee82c5e06b3f4f86113cbf8261ae1, type: 3}
      propertyPath: m_LocalEulerAnglesHint.x
      value: 46.450016
      objectReference: {fileID: 0}
    - target: {fileID: 6713046130348130031, guid: bd6ee82c5e06b3f4f86113cbf8261ae1, type: 3}
      propertyPath: m_LocalEulerAnglesHint.y
      value: 36.021
      objectReference: {fileID: 0}
    - target: {fileID: 6713046130348130031, guid: bd6ee82c5e06b3f4f86113cbf8261ae1, type: 3}
      propertyPath: m_LocalEulerAnglesHint.z
      value: -70.76575
      objectReference: {fileID: 0}
    - target: {fileID: 7211998777527855084, guid: bd6ee82c5e06b3f4f86113cbf8261ae1, type: 3}
      propertyPath: m_LocalEulerAnglesHint.x
      value: 1.3039157
      objectReference: {fileID: 0}
    - target: {fileID: 7211998777527855084, guid: bd6ee82c5e06b3f4f86113cbf8261ae1, type: 3}
      propertyPath: m_LocalEulerAnglesHint.y
      value: -29.705153
      objectReference: {fileID: 0}
    - target: {fileID: 7211998777527855084, guid: bd6ee82c5e06b3f4f86113cbf8261ae1, type: 3}
      propertyPath: m_LocalEulerAnglesHint.z
      value: 3.1696723
      objectReference: {fileID: 0}
    - target: {fileID: 7702342598273183683, guid: bd6ee82c5e06b3f4f86113cbf8261ae1, type: 3}
      propertyPath: m_LocalEulerAnglesHint.x
      value: 63.454147
      objectReference: {fileID: 0}
    - target: {fileID: 7702342598273183683, guid: bd6ee82c5e06b3f4f86113cbf8261ae1, type: 3}
      propertyPath: m_LocalEulerAnglesHint.y
      value: -16.058502
      objectReference: {fileID: 0}
    - target: {fileID: 7702342598273183683, guid: bd6ee82c5e06b3f4f86113cbf8261ae1, type: 3}
      propertyPath: m_LocalEulerAnglesHint.z
      value: -11.406555
      objectReference: {fileID: 0}
    - target: {fileID: 7720914278555990249, guid: bd6ee82c5e06b3f4f86113cbf8261ae1, type: 3}
      propertyPath: m_LocalEulerAnglesHint.x
      value: 74.276436
      objectReference: {fileID: 0}
    - target: {fileID: 7720914278555990249, guid: bd6ee82c5e06b3f4f86113cbf8261ae1, type: 3}
      propertyPath: m_LocalEulerAnglesHint.y
      value: -157.5162
      objectReference: {fileID: 0}
    - target: {fileID: 7720914278555990249, guid: bd6ee82c5e06b3f4f86113cbf8261ae1, type: 3}
      propertyPath: m_LocalEulerAnglesHint.z
      value: -141.39043
      objectReference: {fileID: 0}
    - target: {fileID: 7744703493559565592, guid: bd6ee82c5e06b3f4f86113cbf8261ae1, type: 3}
      propertyPath: m_LocalEulerAnglesHint.x
      value: -2.8808203
      objectReference: {fileID: 0}
    - target: {fileID: 7744703493559565592, guid: bd6ee82c5e06b3f4f86113cbf8261ae1, type: 3}
      propertyPath: m_LocalEulerAnglesHint.y
      value: -21.146465
      objectReference: {fileID: 0}
    - target: {fileID: 7744703493559565592, guid: bd6ee82c5e06b3f4f86113cbf8261ae1, type: 3}
      propertyPath: m_LocalEulerAnglesHint.z
      value: -9.402792
      objectReference: {fileID: 0}
    - target: {fileID: 7842801111801954127, guid: bd6ee82c5e06b3f4f86113cbf8261ae1, type: 3}
      propertyPath: m_LocalEulerAnglesHint.x
      value: 21.863693
      objectReference: {fileID: 0}
    - target: {fileID: 7842801111801954127, guid: bd6ee82c5e06b3f4f86113cbf8261ae1, type: 3}
      propertyPath: m_LocalEulerAnglesHint.y
      value: 40.040688
      objectReference: {fileID: 0}
    - target: {fileID: 7842801111801954127, guid: bd6ee82c5e06b3f4f86113cbf8261ae1, type: 3}
      propertyPath: m_LocalEulerAnglesHint.z
      value: 52.758976
      objectReference: {fileID: 0}
    - target: {fileID: 8231537208724914221, guid: bd6ee82c5e06b3f4f86113cbf8261ae1, type: 3}
      propertyPath: m_LocalEulerAnglesHint.x
      value: 0
      objectReference: {fileID: 0}
    - target: {fileID: 8231537208724914221, guid: bd6ee82c5e06b3f4f86113cbf8261ae1, type: 3}
      propertyPath: m_LocalEulerAnglesHint.y
      value: 0
      objectReference: {fileID: 0}
    - target: {fileID: 8231537208724914221, guid: bd6ee82c5e06b3f4f86113cbf8261ae1, type: 3}
      propertyPath: m_LocalEulerAnglesHint.z
      value: 0
      objectReference: {fileID: 0}
    - target: {fileID: 8263932002211726789, guid: bd6ee82c5e06b3f4f86113cbf8261ae1, type: 3}
      propertyPath: m_LocalEulerAnglesHint.x
      value: 80.27301
      objectReference: {fileID: 0}
    - target: {fileID: 8263932002211726789, guid: bd6ee82c5e06b3f4f86113cbf8261ae1, type: 3}
      propertyPath: m_LocalEulerAnglesHint.y
      value: -34.66789
      objectReference: {fileID: 0}
    - target: {fileID: 8263932002211726789, guid: bd6ee82c5e06b3f4f86113cbf8261ae1, type: 3}
      propertyPath: m_LocalEulerAnglesHint.z
      value: -40.644825
      objectReference: {fileID: 0}
    - target: {fileID: 8283759473277797880, guid: bd6ee82c5e06b3f4f86113cbf8261ae1, type: 3}
      propertyPath: m_LocalEulerAnglesHint.x
      value: 17.745424
      objectReference: {fileID: 0}
    - target: {fileID: 8283759473277797880, guid: bd6ee82c5e06b3f4f86113cbf8261ae1, type: 3}
      propertyPath: m_LocalEulerAnglesHint.y
      value: 0.7467788
      objectReference: {fileID: 0}
    - target: {fileID: 8283759473277797880, guid: bd6ee82c5e06b3f4f86113cbf8261ae1, type: 3}
      propertyPath: m_LocalEulerAnglesHint.z
      value: 2.5841339
      objectReference: {fileID: 0}
    - target: {fileID: 8362226126786775428, guid: bd6ee82c5e06b3f4f86113cbf8261ae1, type: 3}
      propertyPath: m_LocalEulerAnglesHint.x
      value: 5.103195
      objectReference: {fileID: 0}
    - target: {fileID: 8362226126786775428, guid: bd6ee82c5e06b3f4f86113cbf8261ae1, type: 3}
      propertyPath: m_LocalEulerAnglesHint.y
      value: -0.000005314374
      objectReference: {fileID: 0}
    - target: {fileID: 8362226126786775428, guid: bd6ee82c5e06b3f4f86113cbf8261ae1, type: 3}
      propertyPath: m_LocalEulerAnglesHint.z
      value: 0.00000077663765
      objectReference: {fileID: 0}
    - target: {fileID: 8465185068562539662, guid: bd6ee82c5e06b3f4f86113cbf8261ae1, type: 3}
      propertyPath: m_LocalEulerAnglesHint.x
      value: 75.38284
      objectReference: {fileID: 0}
    - target: {fileID: 8465185068562539662, guid: bd6ee82c5e06b3f4f86113cbf8261ae1, type: 3}
      propertyPath: m_LocalEulerAnglesHint.y
      value: -0.3503092
      objectReference: {fileID: 0}
    - target: {fileID: 8465185068562539662, guid: bd6ee82c5e06b3f4f86113cbf8261ae1, type: 3}
      propertyPath: m_LocalEulerAnglesHint.z
      value: -97.47056
      objectReference: {fileID: 0}
    - target: {fileID: 8561193508396601175, guid: bd6ee82c5e06b3f4f86113cbf8261ae1, type: 3}
      propertyPath: m_LocalEulerAnglesHint.x
      value: -78.215256
      objectReference: {fileID: 0}
    - target: {fileID: 8561193508396601175, guid: bd6ee82c5e06b3f4f86113cbf8261ae1, type: 3}
      propertyPath: m_LocalEulerAnglesHint.y
      value: 78.22809
      objectReference: {fileID: 0}
    - target: {fileID: 8561193508396601175, guid: bd6ee82c5e06b3f4f86113cbf8261ae1, type: 3}
      propertyPath: m_LocalEulerAnglesHint.z
      value: 31.259792
      objectReference: {fileID: 0}
    - target: {fileID: 8568605348027153028, guid: bd6ee82c5e06b3f4f86113cbf8261ae1, type: 3}
      propertyPath: m_LocalEulerAnglesHint.x
      value: 5.0996995
      objectReference: {fileID: 0}
    - target: {fileID: 8568605348027153028, guid: bd6ee82c5e06b3f4f86113cbf8261ae1, type: 3}
      propertyPath: m_LocalEulerAnglesHint.y
      value: -0.0000048486277
      objectReference: {fileID: 0}
    - target: {fileID: 8568605348027153028, guid: bd6ee82c5e06b3f4f86113cbf8261ae1, type: 3}
      propertyPath: m_LocalEulerAnglesHint.z
      value: 0.0000010115075
      objectReference: {fileID: 0}
    - target: {fileID: 9027401759494858112, guid: bd6ee82c5e06b3f4f86113cbf8261ae1, type: 3}
      propertyPath: m_LocalEulerAnglesHint.x
      value: -26.711414
      objectReference: {fileID: 0}
    - target: {fileID: 9027401759494858112, guid: bd6ee82c5e06b3f4f86113cbf8261ae1, type: 3}
      propertyPath: m_LocalEulerAnglesHint.y
      value: -37.03925
      objectReference: {fileID: 0}
    - target: {fileID: 9027401759494858112, guid: bd6ee82c5e06b3f4f86113cbf8261ae1, type: 3}
      propertyPath: m_LocalEulerAnglesHint.z
      value: 171.53975
      objectReference: {fileID: 0}
    m_RemovedComponents:
    - {fileID: 4757836856755875626, guid: bd6ee82c5e06b3f4f86113cbf8261ae1, type: 3}
    - {fileID: 4757836856755875627, guid: bd6ee82c5e06b3f4f86113cbf8261ae1, type: 3}
  m_SourcePrefab: {fileID: 100100000, guid: bd6ee82c5e06b3f4f86113cbf8261ae1, type: 3}
--- !u!4 &1622574550588035415 stripped
Transform:
  m_CorrespondingSourceObject: {fileID: 1245275053966154892, guid: bd6ee82c5e06b3f4f86113cbf8261ae1, type: 3}
  m_PrefabInstance: {fileID: 561984464808136155}
  m_PrefabAsset: {fileID: 0}
--- !u!4 &49854347101427252 stripped
Transform:
  m_CorrespondingSourceObject: {fileID: 539745478100655087, guid: bd6ee82c5e06b3f4f86113cbf8261ae1, type: 3}
  m_PrefabInstance: {fileID: 561984464808136155}
  m_PrefabAsset: {fileID: 0}
--- !u!95 &7942974812373777230 stripped
Animator:
  m_CorrespondingSourceObject: {fileID: 7635726066119915157, guid: bd6ee82c5e06b3f4f86113cbf8261ae1, type: 3}
  m_PrefabInstance: {fileID: 561984464808136155}
  m_PrefabAsset: {fileID: 0}
